1831 3023
514 235 880 267 METAMORPHOS
890 235 980 266 non
1017 236 1110 266 [ΑΒ.
1143 236 1257 269 xm.
1501 231 1613 272 1567

161 329 307 382 Quam
327 332 449 382 mihi,
468 331 608 384 major
627 329 765 369 honos
783 343 792 370 :
824 330 1147 383 conjunctaque
1167 330 1307 382 gloria
1326 335 1474 373 nostra
1495 337 1581 375 est:

161 399 312 453 Atque
333 398 456 452 Ajax
480 397 626 444 armis,
648 409 731 436 non
755 395 881 450 Ajaci
902 410 1017 437 arma
1043 402 1263 450 petuntur.

161 465 364 507 Conferat
383 466 451 506 his
474 465 652 505 Ithacus
677 463 886 514 Rhesum,
910 465 1215 518 imbellemque
1238 465 1425 515 Dolona,

161 533 498 585 Priamidenque
525 531 744 571 Helenum
763 537 890 585 rapta
911 545 1009 572 cum
1034 533 1217 573 Pallade
1238 537 1434 586 captum.

160 599 280 640 Luce
300 600 407 640 nibil
430 604 613 652 gestum,
635 598 742 638 nihil
764 605 832 640 est
854 600 1069 640 Diomede
1091 605 1279 641 remoto:

162 666 211 707 Si
232 668 366 707 semel
387 668 471 707 ista
492 667 605 706 datis
627 667 790 706 meritis
811 672 897 707 tam
921 667 1084 706 vilibus
1105 680 1248 717 arma;

162 733 387 775 Dividite:
418 739 461 773 et
481 734 622 786 major
643 746 746 786 pars
767 734 823 773 sit
846 733 1079 773 Diomedis
1100 734 1141 772 in
1162 734 1264 775 illis.

163 799 266 851 Quo
286 804 426 840 tamen
447 799 544 840 haec
566 799 756 840 Ithaco?
789 800 863 852 qui
885 800 1015 848 clam,
1033 800 1110 853 qui
1130 812 1300 853 semper
1319 801 1493 843 inermis

163 866 277 908 Rem
298 867 428 920 gerit:
458 870 501 906 et
523 866 647 906 furtis
667 867 890 907 incautum
910 865 1077 919 decipit
1095 867 1294 908 hostem?

163 932 269 987 Ipse
290 934 403 974 nitor
425 933 577 985 galeae,
600 933 717 974 claro
738 932 946 973 radiantis
968 934 1024 972 ab
1043 946 1165 983 auro,

164 999 357 1042 Insidias
380 1000 549 1053 prodet,
579 999 958 1053 manifestabitque
978 1001 1197 1041 latentem.

164 1067 251 1108 Sed
275 1081 415 1121 neque
440 1068 672 1108 Dulichius
695 1068 776 1107 sub
796 1067 982 1108 Achillis
1004 1068 1176 1108 casside
1197 1073 1350 1109 vertex

165 1134 372 1175 Pondera
392 1139 513 1175 tanta
534 1134 637 1176 feret
655 1149 664 1177 :
696 1148 779 1176 nec
801 1148 886 1176 non
908 1148 1093 1176 onerosa
1113 1136 1346 1189 gravisque

164 1207 316 1248 Pelias
337 1221 431 1248 esse
449 1212 597 1260 potest
620 1208 872 1248 imbellibus
893 1209 1021 1249 hasta
1042 1209 1221 1249 lacertis
1239 1222 1247 1249 :

1530 598 1615 639 100

1531 934 1618 975 105

164 1323 254 1354 decus
268 1321 339 1353 istis
353 1333 443 1362 quam
459 1324 534 1354 mihi
549 1324 714 1363 quaeritm,
731 1327 760 1355 et
775 1325 871 1355 honor
896 1329 1000 1355 noster
1022 1324 1202 1362 conjunctus
1216 1327 1260 1355 est
1274 1335 1283 1354 .·
1305 1326 1395 1363 atque
1410 1321 1495 1361 AJ'ax
1511 1323 1620 1363 armis,

164 1375 225 1396 non
250 1365 340 1403 Ajaci
356 1376 445 1396 ιιι-ηια
464 1370 622 1405 petantur.
671 1367 796 1397 Ithacus
817 1371 976 1407 componat
991 1377 1057 1397 cum
1071 1367 1141 1397 istis
1160 1367 1306 1402 Rhesum,
1327 1370 1356 1396 et
1375 1366 1526 1396 Dolonem
1540 1366 1621 1396 iner-

166 1417 254 1443 mem,
269 1411 361 1447 atque
378 1408 530 1438 Helenum
559 1409 743 1439 Priamiden
768 1414 891 1448 raptum
907 1419 975 1439 cum
1003 1409 1157 1439 Minerva.
1212 1408 1300 1438 Nihil
1315 1407 1493 1444 estfactum
1508 1408 1544 1438 de
1559 1406 1620 1443 die,

166 1450 246 1480 nihil
259 1451 382 1481 absente
406 1451 566 1481 Diomede.
612 1451 649 1481 Si
665 1452 828 1490 aliquando
855 1450 1021 1481 conceditis
1037 1451 1095 1480 ista
1110 1460 1197 1480 arma
1206 1449 1307 1488 frictis
1321 1453 1385 1479 tam
1401 1449 1528 1487 levibus,
1544 1449 1625 1480 diti-

165 1493 231 1523 dite
244 1503 254 1528 ;
277 1496 308 1523 et
321 1502 393 1532 pars
409 1493 504 1530 rriajor·
519 1502 623 1522 eorum
638 1493 681 1522 sit
707 1493 883 1524 Diomedis.
932 1493 1002 1528 Qua
1016 1493 1123 1532 gratia
1138 1495 1239 1522 tamen
1255 1492 1320 1522 haec
1335 1491 1441 1521 Ithaco
1454 1489 1469 1521 ‚⁹
1492 1491 1544 1530 qui
1551 1490 1625 1528 sur-

165 1534 236 1572 tim,
250 1535 304 1575 qui
318 1544 436 1573 semper
451 1535 579 1564 inermis
595 1545 659 1565 rem
672 1535 771 1573 gerit,
785 1539 877 1575 alque
893 1536 1060 1566 clanculum
1065 1534 1155 1572 fallit
1169 1535 1285 1565 hostem
1301 1532 1528 1573 improvidum?
1551 1533 1623 1573 Ipse

164 1577 307 1617 splendor
321 1577 450 1607 cassidis
465 1577 596 1607 lucentis
611 1588 650 1607 es
674 1578 807 1608 micante
822 1588 897 1609 auro
915 1577 1094 1615 manifestos
1109 1576 1210 1615 faciel
1228 1578 1323 1614 dolos,
1343 1579 1373 1606 et
1392 1578 1510 1615 releget
1525 1577 1622 1606 occul-

165 1622 241 1651 tum.
285 1618 350 1650 Sed
365 1629 457 1658 neque
479 1623 570 1659 caput
597 1619 780 1650 Dulichium
805 1621 859 1650 sub
882 1621 974 1659 galea
1000 1620 1134 1651 Achillis
1152 1619 1238 1656 feret
1266 1621 1388 1649 tantum
1411 1628 1506 1649 onus:
1529 1628 1623 1659 neque

166 1661 256 1693 lunia
272 1662 380 1692 Pelias
403 1665 503 1701 potest
530 1672 589 1692 non
606 1672 669 1693 esse
683 1663 793 1701 gravis
813 1667 906 1702 atque
922 1664 1047 1693 molesta
1074 1661 1207 1692 brachiis
1232 1661 1423 1692 imbellibus.-
1447 1670 1541 1701 neque
1555 1671 1624 1692 scu·

778 1733 1015 1744 eeeeeeeeeeee

167 1780 207 1808 9⁷
233 1776 360 1807 Arund.
378 1788 435 1807 non
452 1787 529 1808 arm.
547 1778 804 1818 Ajacepet.—99
830 1777 895 1808 Alii
915 1778 1138 1818 Priamidemq.
1157 1783 1191 1809 et
1210 1777 1359 1808 nonnulli
1378 1776 1529 1807 Helenen.
1553 1775 1624 1806 Pro

168 1820 272 1859 ἐνίψω
289 1820 383 1850 multi
401 1825 485 1850 vett.
497 1824 594 1860 casta,
610 1823 660 1850 vel
678 1825 778 1860 capla.
797 1821 837 1850 V.
854 1821 955 1851 etiam
972 1824 1061 1860 rapta
1076 1831 1144 1851 cum
1162 1821 1201 1852 P.
1216 1822 1457 1860 raplum.—-100
1473 1817 1625 1849 Berolin.

170 1862 250 1892 nihil
264 1865 365 1892 actum
382 1866 438 1897 cst,
454 1863 517 1892 nih.
535 1868 569 1893 et
590 1863 748 1894 lleidelb.
763 1866 885 1901 gentum
907 1866 1068 1894 est.—-101
1097 1863 1238 1894 Plurimi
1256 1862 1370 1902 scripti
1386 1862 1422 1892 Si
1438 1865 1539 1891 tamen
1557 1870 1568 1896 ,·
1592 1860 1625 1891 iu

170 1904 332 1935 Heidelb.
348 1906 450 1942 semel,
466 1905 523 1935 sed
552 1908 653 1935 mmm
683 1908 961 1946 &mersen—102
986 1906 1080 1936 Unus
1109 1906 1227 1936 Heius.
1255 1908 1284 1936 et
1310 1914 1382 1945 pars
1404 1905 1445 1934 sit
1463 1904 1625 1934 melior.—

172 1949 232 1977 104
257 1947 407 1977 Berolm.
426 1947 484 1977 inc.
503 1949 616 1978 decidit
634 1948 820 1978 host.--105
847 1947 915 1978 Pro
929 1949 1009 1978 claro
1026 1959 1077 1988 pr.
1093 1949 1182 1979 Mor.
1201 1947 1300 1985 sulco.
1325 1947 1410 1978 Dein
1428 1956 1513 1977 iuius
1530 1943 1625 1976 Leid.

171 1989 202 2019 in
215 1999 289 2019 auro
303 2000 314 2025 ,·
337 1990 530 2020 Genevem.
548 1994 589 2020 et.
608 1991 723 2020 Burm.
739 1989 926 2029 conj.serro
942 1992 1009 2021 rad.
1027 1997 1054 2021 et
1072 2001 1167 2027 αυτ-υ,-
1189 1991 1270 2021 Tan.
1290 1990 1398 2020 Faber
1414 1999 1486 2019 cono
1501 1988 1626 2018 radian-

171 2033 213 2061 tis
223 2030 261 2062 ab
274 2034 484 2062 aurea—106
509 2033 657 2062 Berolin.
677 2033 772 2062 lusia.
788 2034 907 2072 perdet.
934 2032 978 2063 0.
992 2038 1027 2064 et
1043 2033 1109 2063 duo
1127 2033 1182 2063 alii
1199 2032 1439 2071 manifestabitq.
1457 2033 1626 2071 parentem.

171 2076 277 2104 —108
301 2073 461 2104 Heidelb.
482 2075 580 2105 Ponti.
598 2078 687 2104 tuta.-
711 2080 746 2105 et
765 2075 858 2105 Med.
877 2075 976 2113 serat,
1004 2075 1095 2116 quod
1113 2077 1226 2116 placet
1244 2076 1357 2106 But-m.
1382 2074 1467 2104 Dein
1484 2073 1527 2103 0.
1546 2072 1626 2103 Bas.

837 2170 866 2201 N
874 2170 976 2202 OTAE

174 2232 283 2263 minus
301 2232 493 2263 verecunda
510 2233 678 2264 videntur.
971 2237 1013 2265 99
1038 2235 1206 2274 Helenum]
1245 2234 1310 2267 Qui
1342 2232 1470 2264 Priami
1500 2231 1587 2262 filins
1612 2240 1631 2263 a

215 2284 258 2312 98
284 2281 427 2320 Ithacus]
444 2281 709 2322 U1>·sses,qnem
724 2292 788 2314 non
803 2283 875 2313 sine
931 2284 1097 2315 Diomede
1125 2291 1160 2315 et
1189 2284 1313 2324 Ulysse
1343 2289 1475 2324 captus,
1506 2290 1631 2313 areana

175 2337 363 2370 contemtu,
377 2341 395 2362 a
419 2341 524 2372 parva
549 2333 656 2363 insula
679 2334 712 2363 in
730 2343 796 2374 qna
819 2334 876 2364 ille
930 2333 1154 2374 Trojanorum
1173 2334 1243 2365 fata
1264 2334 1396 2365 Graecis
1414 2333 1588 2364 revelavit.

176 2382 378 2423 imperabat,
394 2392 435 2411 eo
453 2382 585 2412 nomine
603 2383 765 2422 appellat.
976 2384 1120 2424 Pallade]
1148 2384 1336 2415 Palladium
1361 2384 1458 2422 dicit,
1483 2392 1541 2413 seu
1568 2381 1634 2413 Mi·

220 2431 370 2471 Rhesum]
405 2432 530 2471 Regem
552 2433 725 2470 Thraciae;
758 2434 812 2474 qui
839 2443 880 2463 ea
934 2434 1630 2474 nei-vmsimnlacrum,coelodelapsumqno

177 2482 880 2522 noctequa'l‘rojanisinauxiliumvenerat
935 2484 1077 2514 maxime
1106 2485 1219 2525 'l'rojae
1247 2484 1318 2515 fata
1348 2483 1630 2515 continebantur:

179 2543 198 2563 a
215 2531 381 2564 Diomede
395 2538 430 2562 et
449 2532 569 2571 Ulysse
585 2532 649 2563 fnit
665 2533 879 2573 interemtus,

180 2589 218 2614 ut
232 2583 377 2614 diximus
395 2584 494 2614 etiam
513 2584 553 2614 ad
571 2585 751 2624 epistolam
771 2585 879 2616 Pene-

182 2634 285 2674 nopes.

224 2684 361 2723 Dolona]
374 2685 440 2716 Qui
453 2684 495 2714 ab
508 2684 657 2715 Hectore
667 2686 881 2724 «peculatum

183 2734 316 2772 missus,
341 2744 361 2764 a
385 2734 554 2765 Diomede
571 2740 604 2765 et
630 2735 751 2774 l'lysse
780 2735 881 2767 inter-

183 2787 304 2825 ceptus
321 2787 422 2826 utque
440 2783 642 2816 interfectus
657 2789 721 2816 cst.

936 2540 973 2564 ut
999 2535 1184 2575 Sapientia,
1200 2545 1299 2576 quam
1327 2534 1476 2564 Palladis
1498 2531 1632 2561 nomine

936 2585 1190 2623 intellexerunt,
1231 2590 1264 2614 vt
1296 2594 1314 2613 a
1357 2584 1431 2613 Deo
1464 2581 1536 2612 solo
1571 2584 1635 2620 est,

935 2635 1127 2666 conservari
1145 2635 1284 2674 imperia
1301 2640 1495 2669 cognoscam

983 2688 1037 2716 107
1078 2684 1254 2722 Dulichius]
1311 2683 1446 2722 Ulysses
1479 2685 1543 2717 est,
1577 2679 1635 2720 qui

936 2735 1101 2772 Dulichii,
1122 2733 1204 2763 lonii
1236 2732 1336 2762 maris
1361 2731 1479 2762 insulae
1505 2730 1633 2763 ltllacae

937 2785 1070 2823 vicium,
1088 2792 1225 2824 regnum
1244 2781 1363 2813 tenuit.
