1831 3023
224 179 337 222 1428
718 189 757 217 P.
789 186 946 216 ovimi
981 183 1192 215 NASONIS

227 284 397 326 Oscula
416 283 504 332 dat,
527 281 738 335 reddique
758 283 909 334 putat:
941 279 1234 331 loquiturque,
1256 278 1482 329 tenetque:

226 352 286 392 Et
306 351 440 393 credit
456 350 590 391 tactis
612 349 775 401 digitos
794 347 984 387 insidere
1002 345 1208 385 membris
1226 357 1235 384 :

228 419 287 460 Et
304 417 472 466 metuit,
495 428 669 470 pressos
687 414 836 454 veniat
853 426 905 452 ne
926 413 1037 452 livor
1057 412 1102 452 in
1122 416 1252 453 artus.

228 485 286 526 Et
302 484 435 525 modo
456 481 686 523 blanditias
708 480 909 521 adhibet:
939 479 1071 519 modo
1094 484 1215 532 grata
1235 477 1396 532 puellis

230 552 420 593 Munera
438 549 517 588 sert
537 547 601 586 illi
621 547 826 596 conchas,
848 550 1087 600 teretesque
1115 547 1306 600 lapillos,
1594 543 1678 586 260

229 617 290 660 Et
309 626 470 669 parvas
489 614 709 663 volucres,
731 619 772 654 et
790 614 918 655 flores
937 614 1055 654 mille
1077 614 1288 661 colorum,

229 682 450 734 Liliaque,
471 681 703 734 pictasque
724 681 853 734 pilas,
875 685 918 721 et
937 682 991 721 ab
1015 682 1165 721 arbore
1185 681 1335 733 lapsas

232 748 472 790 Heliadum
490 749 724 801 lacrymas.
786 733 927 788 Ornat
947 761 1124 801 quoque
1143 748 1335 788 vestibus
1357 749 1497 787 artus:

233 817 324 857 Dat
345 815 492 869 digitis
513 827 733 867 gemmas;
763 814 984 866 longoque
1004 814 1184 853 monilia
1205 813 1333 853 collo.

232 882 355 924 Aure
374 883 491 923 leves
512 883 682 930 baccae,
702 880 961 920 redimicula
982 883 1156 932 pectore
1176 879 1379 931 pendent.
1600 878 1685 921 265

233 948 408 989 Cuncta
428 948 609 989 decent:
639 959 718 987 nec
741 945 858 986 nuda
876 946 1020 985 minus
1037 945 1228 985 formosa
1246 944 1432 986 videtur.

233 1014 441 1056 Collocat
458 1016 567 1056 hanc
589 1014 755 1063 stratis,
777 1013 944 1054 concha
966 1011 1171 1052 Sidonide
1195 1011 1367 1052 tinctis:

235 1081 534 1136 Appellatque
555 1081 640 1123 tori
662 1080 856 1121 sociam:
888 1080 1193 1132 acclinataque
1216 1079 1332 1119 colla

236 1148 452 1190 Mollibus
473 1151 517 1190 in
538 1149 714 1202 plumis,
734 1151 945 1200 tanquam
966 1158 1160 1194 sensura,
1178 1145 1367 1198 reponit.

237 1216 377 1257 Festa
397 1216 489 1256 dies
509 1215 686 1265 Veneri,
708 1218 800 1255 tota.
821 1214 1100 1254 celeberrima
1121 1212 1289 1265 Cypro,
1605 1211 1690 1254 270

237 1281 452 1324 Venerat:
483 1285 528 1323 et
547 1281 704 1336 pandis
722 1280 910 1322 inductae
936 1280 1142 1321 cornibus
1164 1292 1316 1319 aurum

238 1414 269 1442 et
282 1407 411 1451 affatur,
428 1412 458 1441 et
474 1409 578 1449 tangit
588 1420 598 1446 ,·
622 1413 652 1441 et
671 1414 762 1450 putat
777 1408 895 1450 digitos
910 1408 1003 1451 infigi
1026 1409 1153 1440 artubus
1168 1408 1272 1448 tactis,
1296 1411 1325 1439 et
1341 1408 1431 1439 timet
1445 1417 1483 1439 ne
1504 1408 1583 1439 livor
1596 1418 1693 1441 succe-

239 1455 296 1484 dat
311 1453 344 1483 in
359 1453 492 1483 membra
504 1462 618 1492 pressa.
668 1454 708 1483 Et
738 1463 816 1483 nunc
843 1453 1003 1483 blanditiis
1027 1453 1139 1489 utitur,
1164 1462 1243 1482 nune
1267 1452 1315 1481 illi
1343 1451 1478 1490 porrigit
1499 1451 1639 1491 conchas,
1661 1455 1692 1483 et

239 1495 360 1535 lapillos
376 1495 539 1534 expolitos,
553 1497 632 1525 dona
647 1498 769 1534 accepta
782 1496 906 1535 puellis,
935 1497 1067 1534 itemque
1089 1495 1233 1532 avicula-3,
1253 1497 1284 1524 et
1291 1493 1391 1534 flores
1405 1494 1488 1524 mille
1502 1494 1647 1534 colorum,
1662 1498 1693 1525 et

240 1537 319 1577 lilia,
334 1540 364 1568 et
375 1538 457 1577 pilas
469 1537 581 1577 pictas,
597 1539 626 1567 et
640 1537 790 1577 lacrymas
804 1539 904 1577 lapsas
919 1537 955 1567 ub
971 1538 1078 1567 arbore
1095 1537 1274 1567 Heliadum.
1320 1537 1457 1566 Decorat
1471 1546 1586 1575 quoque
1600 1546 1695 1567 mem-

240 1579 298 1610 bra
313 1579 468 1615 vestibus;
492 1579 602 1608 inserit
616 1588 753 1615 gemmas
770 1580 923 1618 articulis,
937 1583 1025 1618 aptat
1042 1580 1156 1618 amplos
1171 1583 1291 1618 torques
1305 1578 1392 1608 collo.
1436 1578 1597 1618 Eaepolitae
1612 1588 1695 1609 mar-

237 1621 355 1661 garitae
367 1622 501 1661 pendent
516 1630 555 1650 ex
570 1619 705 1658 auribus,
720 1620 901 1651 redimicula
916 1631 955 1651 ex
966 1624 1099 1660 pectore.
1148 1621 1261 1650 Omnia
1279 1624 1349 1650 sunt
1361 1620 1476 1658 decori,
1486 1629 1582 1660 neque
1596 1623 1696 1652 minus

238 1663 370 1704 pulchra
385 1663 507 1693 videtur
522 1663 613 1693 nuda.
658 1662 752 1692 Hanc
767 1663 918 1702 componit
933 1663 965 1692 in
980 1663 1089 1692 stratis
1101 1662 1226 1699 infectis
1240 1663 1351 1692 concha
1366 1661 1498 1692 Sidonia
1509 1672 1521 1698 ;
1550 1666 1580 1692 et
1609 1666 1695 1694 vocat

241 1708 410 1736 consortem
425 1705 507 1742 lecti,
521 1707 612 1743 atque
627 1705 752 1734 collocat
765 1704 875 1734 collum
890 1704 1065 1742 demissum,
1075 1707 1224 1744 tanquam
1242 1713 1414 1739 sensurum,
1430 1703 1462 1734 in
1477 1703 1616 1735 mollibus
1627 1705 1697 1745 plu·

240 1747 312 1778 mis.
356 1746 436 1778 Dies
456 1747 565 1777 Veneri
591 1756 690 1786 sacra,
719 1746 913 1777 celeberrima
940 1749 1007 1778 tota
1026 1747 1141 1787 Cypro,
1159 1748 1290 1777 aderat.-
1312 1749 1342 1777 ει
1358 1755 1457 1777 vaccoe
1471 1746 1600 1778 candido
1612 1747 1697 1789 collo,

850 1828 1083 1842 ooooaeoueno

246 1888 301 1915 tra
325 1884 407 1915 lect.
434 1886 486 1915 est
516 1893 558 1914 ex
590 1893 642 1923 pr.
672 1883 779 1915 Grou.
810 1892 910 1924 quam
938 1882 1057 1914 Heius.
1088 1883 1354 1924 protulit.—262
1387 1883 1488 1924 Vulg.
1516 1883 1602 1916 Lilia
1627 1894 1698 1925 per·

244 1927 404 1967 pictasque
431 1927 531 1967 pilas.-
569 1926 710 1965 Liliaque
737 1927 895 1967 pictasque
922 1926 1004 1965 pilas
1035 1926 1133 1958 Cant.
1176 1926 1296 1958 Urbin.
1323 1926 1447 1956 Thuan.
1485 1936 1536 1966 pr.
1564 1926 1695 1958 Erfurt.

246 1979 300 2008 pr.
325 1974 360 2000 et
375 1978 441 2000 sec.
473 1968 546 2001 Pal.
576 1974 611 1999 et
640 1968 697 1999 alii
726 1969 841 2000 inulti:
878 1976 940 1998 nec
973 1968 1163 2007 pauciores,
1192 1968 1334 2008 Liliaque
1349 1971 1379 1998 et
1396 1968 1571 2008 pictasque.-
1608 1969 1698 2000 Zuli-

247 2011 353 2042 chem.
388 2011 531 2051 Liliaque
560 2014 589 2041 et
618 2011 719 2051 pictas
746 2012 862 2041 violas.-
898 2009 1019 2040 tabulas
1043 2020 1126 2041 unus
1153 2011 1224 2041 Pal.
1255 2011 1396 2050 Liliaque
1418 2010 1575 2050 pictasque
1593 2011 1697 2042 etiam

248 2052 362 2083 Gifan.
378 2053 490 2083 Indic.
507 2054 607 2084 Lucr.
626 2063 714 2093 pag.·
732 2055 804 2083 462.
829 2052 989 2082 Heinsius
1015 2053 1117 2082 etiam
1144 2053 1348 2093 conjecerat,
1367 2052 1433 2082 lilia
1450 2051 1520 2089 fert
1539 2053 1698 2093 pictasque

246 2095 442 2135 pilas—263
467 2095 618 2125 Berolin.
635 2098 710 2126 vest.
724 2095 926 2134 aptis.-26-1
949 2092 1035 2124 Edd.
1055 2095 1145 2134 vulg.
1171 2096 1225 2125 dat
1250 2095 1341 2133 longa
1366 2094 1492 2125 monilia
1514 2096 1607 2126 collo.-
1630 2095 1698 2127 duo

248 2140 343 2175 grata
356 2136 502 2167 monilia.-
519 2137 563 2167 Ο.
582 2137 690 2175 larga:
707 2135 837 2167 Arund.
853 2136 933 2165 lata:
952 2136 990 2165 In
1005 2145 1072 2166 sec.
1087 2136 1179 2167 Med.
1195 2141 1229 2167 et
1247 2137 1377 2167 duobus
1387 2137 1460 2167 aliis
1476 2141 1540 2176 est,
1554 2138 1702 2178 longoque

249 2178 376 2209 monilia
391 2178 486 2208 collo.-
514 2179 603 2217 quod
635 2179 749 2218 placet
776 2179 892 2208 Burm.
920 2178 999 2217 quia
1030 2178 1273 2216 longumcollum
1290 2179 1499 2219 elegantibus
1516 2178 1699 2211 formarum

248 2220 498 2261 spectatoribus
516 2220 797 2259 probatura—26⁷
822 2218 914 2250 Med.
933 2224 968 2249 et
984 2220 1061 2251 Bas.
1089 2221 1195 2252 Sidon.
1220 2222 1430 2260 piceis—268
1453 2221 1533 2253 Jun.
1559 2226 1595 2253 et
1621 2232 1700 2263 qua-

251 2267 329 2294 tuor
345 2263 401 2293 alii
416 2263 592 2301 inclinataq.
608 2262 781 2293 colu—270
810 2261 863 2292 Pr.
878 2261 1026 2293 Sti-ozzae
1048 2263 1178 2299 Veneri;
1202 2263 1310 2294 ceteri
1332 2263 1574 2295 Veneris—271
1598 2265 1700 2305 Vulg.

251 2308 283 2336 et
307 2305 425 2336 blandis
453 2305 570 2335 indutae
593 2314 676 2335 corn.
700 2304 892 2335 Gronovius
917 2304 1078 2336 suadebat
1101 2305 1221 2345 pandis.
1259 2305 1420 2346 Plerique
1447 2311 1531 2337 vett.
1554 2307 1698 2338 inductae.

252 2348 347 2379 Unus
372 2347 490 2378 Heius.
514 2351 550 2378 et
576 2356 661 2377 unus
687 2347 766 2378 Bas.
792 2351 827 2377 et
853 2356 901 2387 pr.
926 2346 1053 2379 Erfurt.
1079 2348 1198 2378 auratis
1221 2357 1334 2379 cornua
1355 2348 1455 2388 vittis,
1479 2348 1532 2380 vel
1555 2350 1700 2381 sertis.—

909 2446 1047 2477 NOTAE

296 2523 359 2552 263
391 2520 559 2552 Heliadum
589 2521 755 2562 lacrymas]
796 2521 951 2562 Succina,
1005 2522 1158 2552 hodierni
1177 2522 1278 2553 etiam
1295 2521 1416 2553 medici
1432 2525 1648 2554 attestantur.

255 2580 330 2613 quae
354 2569 544 2611 apopulis,
570 2571 604 2601 in
629 2580 710 2611 quas
728 2571 950 2602 Phaethontis
1048 2575 1109 2603 267
1136 2571 1273 2611 Concha]
1299 2573 1454 2612 Purpura
1476 2571 1626 2613 Sidonia,
1642 2582 1702 2605 seu

256 2629 387 2651 sorores
409 2624 559 2659 mutatae,
594 2618 742 2651 defluere
768 2619 945 2651 dicuntur:
1004 2622 1113 2662 Tyria,
1130 2631 1230 2662 quam
1254 2621 1517 2653 laudatissimam
1536 2622 1625 2663 Tyro
1641 2631 1701 2654 seu

258 2678 448 2710 quanquam
465 2669 556 2710 pinei
572 2669 705 2709 generis
722 2679 796 2700 esse
811 2669 950 2700 arbores
1005 2671 1128 2704 Sidone
1145 2671 1300 2713 petijam
1317 2672 1418 2704 toties
1433 2671 1589 2705 diximus.

257 2727 301 2750 ex
325 2717 446 2760 quibus
468 2717 640 2752 succinum
655 2724 781 2761 manat,
808 2719 952 2761 Plinius,
