1831 3023
198 205 310 247 1:380
685 212 726 240 P.
758 210 914 240 ovum
951 208 1163 239 Neisoms

201 309 331 360 Quos
351 308 451 360 egit,
472 306 625 348 rediit:
655 306 755 346 fatis
771 305 1036 345 revirescere
1055 303 1209 343 debent
1560 299 1643 339 430

201 374 423 416 Callirhoe
446 374 602 426 geniti;
633 384 716 412 non
738 370 984 418 ambitione,
1004 383 1085 410 nec
1104 370 1246 410 armis.

199 441 299 482 Vos
319 441 466 490 etiam,
489 450 663 492 quoque
683 437 767 476 hoc
784 436 925 474 animo
946 435 1121 476 meliore
1139 435 1304 483 feratis,

201 507 279 549 Me
300 519 488 560 quoque,
509 505 602 543 fata
619 504 792 553 regunt:
824 513 922 552 quae
946 501 984 541 si
1002 507 1168 543 mutare
1186 502 1388 548 valerem,

201 575 300 615 Nec
320 576 517 612 nostrum
538 568 619 608 seri
643 571 872 608 curvarent
892 569 1064 609 AEacon
1084 572 1206 610 anni:

201 641 553 692 Perpetuumque
576 636 662 676 aevi
682 636 828 676 florem
860 635 1219 678 Rhadamanthus
1241 636 1420 676 haberet

203 705 315 746 Cum
336 703 488 744 Mino‘el
508 716 628 744 meo:
659 704 732 756 qui
754 707 933 756 propter
956 716 1102 743 amara
1121 707 1306 744 senectae

201 771 407 813 Pondera
426 770 688 824 despicitur3
719 784 816 821 nec,
839 784 927 823 quo
949 770 1085 824 prius,
1108 771 1259 810 ordine
1278 770 1440 821 regnat.

1562 631 1648 673 435

203 876 307 906 Iolaus
320 873 464 914 repetivit
476 883 534 914 per
546 871 622 909 sata
644 883 738 904 annos
760 883 833 913 quos
848 872 974 911 exegit:
988 871 1058 913 filit
1081 871 1250 902 Callirhoes
1273 872 1380 902 debent
1396 870 1579 901 revirescere
1592 880 1647 911 per

194 917 291 954 satim
314 927 373 946 non
385 925 442 955 per
457 915 666 953 ambitionem,
690 925 851 955 nequeper
866 925 964 946 arum.
1010 914 1092 945 Fata
1106 914 1259 953 imperant
1284 923 1398 953 quoque
1422 913 1516 953 vobis,
1543 916 1586 950 et,
1613 916 1649 943 ut

198 959 366 999 patiamini
387 958 523 998 aequiore
537 961 649 997 mente,
674 958 750 989 mihi
765 959 883 993 etiarm
905 968 972 997 quoe
985 957 1012 987 si
1036 966 1152 996 possem
1177 959 1306 991 mutare,
1328 965 1420 994 neque
1443 958 1519 986 aetas
1542 955 1650 985 adulta

192 1003 337 1042 flecteret
353 1003 491 1030 nostrum
506 1002 649 1039 AEacum‚
675 1003 704 1030 et
723 999 978 1030 Rhadamanthus
983 999 1149 1036 frueretur
1168 997 1252 1038 flore
1266 998 1370 1027 (etatis
1385 997 1507 1027 minime
1521 1006 1650 1027 marces-

200 1046 297 1083 cente,
320 1053 388 1074 cum
403 1043 512 1073 Mino&
525 1052 602 1082 meo,
626 1042 679 1082 qui
691 1045 818 1082 propter
833 1043 923 1073 triste
938 1052 1011 1073 onus
1032 1041 1199 1072 senectutis
1211 1040 1425 1079 contemnitur,
1448 1048 1542 1078 neque
1555 1039 1651 1078 impe-

964 1125 1041 1136 Μ

201 1184 265 1213 430
301 1179 369 1211 Alii
397 1179 463 1218 sat.
486 1179 801 1219 juvenescere—432
825 1177 974 1209 Berolin.
1004 1177 1068 1208 hoec
1097 1186 1159 1217 pro
1188 1178 1359 1208 host—434
1383 1176 1466 1207 Cod.
1493 1175 1650 1208 Menard.

200 1226 299 1255 nostr.
318 1222 413 1257 soevi,·
437 1222 531 1253 Med.
548 1232 633 1253 unus
649 1221 874 1253 misera—435
898 1220 1050 1250 Berolin.
1079 1221 1202 1260 Perpet.
1227 1222 1409 1250 <evm—436
1432 1218 1472 1249 In
1487 1228 1554 1249 uno
1577 1218 1653 1249 Cio-

202 1265 285 1305 fani,
306 1270 342 1296 et
368 1265 532 1305 Excerpt.
559 1264 687 1296 Mureti
714 1267 819 1304 propt.
841 1264 938 1299 dura;
964 1268 1109 1303 quatuor
1125 1262 1204 1293 libri
1229 1262 1346 1298 multa3
1370 1267 1438 1292 tres
1451 1263 1650 1292 samm—43⁷

856 1354 1000 1385 NOTAE

202 1426 287 1457 rieul
300 1430 335 1457 et
347 1430 503 1457 catenam
516 1427 697 1465 dixit,sese
710 1428 902 1458 volventem

202 1480 240 1506 et
269 1476 499 1516 implicantem
528 1487 589 1517 per
616 1482 762 1507 aeternos
787 1486 902 1507 conse-

202 1526 350 1566 quentiae
365 1527 499 1557 ordines
512 1536 530 1557 e
544 1526 664 1567 quibus
677 1536 827 1558 connexa
840 1532 902 1559 est.

203 1575 456 1607 Absurdissima
478 1587 579 1617 porro
601 1578 691 1608 circa
705 1577 812 1608 fatum
837 1588 903 1608 non

203 1625 341 1656 Ethnici
354 1626 465 1665 modo,
476 1625 534 1656 sed
547 1627 729 1657 Christiani
741 1628 905 1667 plerique,

202 1674 438 1705 tradiderunt:
464 1680 501 1706 ut
516 1675 571 1705 vix
588 1685 630 1706 ex
644 1675 684 1706 iis
702 1677 758 1716 qui
775 1676 816 1706 de
832 1676 904 1707 fato

203 1734 263 1755 seu
276 1724 344 1755 Dei
360 1725 536 1756 voluntate
560 1726 754 1766 loquuntur,
770 1726 905 1756 millesi-

203 1782 293 1804 mum
309 1772 359 1803 fas
383 1773 428 1804 sit
452 1774 617 1813 reperire,
633 1774 691 1815 qui
714 1784 780 1804 non
797 1775 905 1805 Deum

205 1827 258 1853 ter
292 1822 455 1863 optimum
486 1823 681 1862 maximum,
713 1834 905 1864 supremum

204 1872 353 1903 omnium
380 1881 490 1902 rerum
517 1873 758 1912 Regnator-em,
785 1883 827 1904 ex
853 1874 906 1904 lio-

204 1922 390 1952 mancionis
407 1922 554 1961 modulo,
566 1927 604 1952 ut
620 1927 671 1953 est
681 1920 908 1964 impudentia,

205 1972 320 2002 metiri
335 1976 488 2012 satagat3
512 1972 641 2012 illique,
658 1973 831 2004 Potentiae
849 1983 907 2004 seu

206 2021 338 2052 Gloriae
367 2021 481 2060 titulo,
508 2021 648 2062 indigna
680 2032 817 2062 prorsus
841 2033 907 2053 non

205 2070 346 2101 tribuat.
391 2072 442 2101 Ea
457 2071 566 2101 onmia
589 2071 631 2101 ad
646 2072 810 2102 Veritatis
833 2081 908 2101 nor-

205 2130 295 2151 mam
312 2122 435 2161 exequi
451 2131 560 2161 neque
577 2122 669 2152 locus
692 2131 803 2162 neque
820 2122 907 2152 vires

204 2174 332 2202 nostrae
357 2170 492 2200 sinunt:
524 2175 675 2200 attamen
702 2171 817 2200 melius
834 2180 907 2201 esse

207 2220 321 2258 silere,
349 2223 452 2259 atque
478 2220 592 2249 Deum
623 2228 698 2249 cum
715 2219 908 2258 ignorantia

206 2269 361 2308 adorare,
377 2278 476 2309 quam
503 2277 563 2307 per
585 2267 775 2307 superbiam
798 2277 908 2298 emen·-

207 2318 323 2349 dicata
339 2317 481 2348 scientia
496 2317 712 2357 blasphemiis
730 2318 907 2359 impetere,

206 2377 273 2399 non
290 2377 425 2408 possum
443 2377 509 2398 non
528 2366 693 2406 profiteri.

251 2419 313 2447 431
333 2416 405 2446 Non
422 2415 601 2455 ambitione]
626 2417 747 2456 Neque
765 2418 908 2448 volentis

208 2475 320 2506 neque
337 2466 519 2504 currentis,
547 2465 605 2496 sed
631 2466 695 2496 Dei
711 2467 911 2505 miserentis,

210 2515 324 2556 inquit
360 2515 487 2545 Paulus
504 2526 512 2545 :
558 2524 746 2556 quanquam
783 2517 909 2547 homini

209 2573 345 2605 quoque
371 2564 487 2594 datum
515 2569 553 2594 ut
582 2565 663 2595 velit
692 2565 849 2605 denique,
875 2570 911 2596 et

211 2614 307 2656 quasi
333 2623 394 2654 per
416 2614 485 2644 vim
501 2615 645 2654 plurima
666 2625 685 2645 a
700 2615 777 2645 Deo
795 2625 910 2647 conse-

211 2667 346 2705 quatur.
390 2662 489 2695 Quod
518 2663 654 2703 pessimi
677 2665 825 2695 latrones
843 2666 910 2696 suis

212 2714 328 2747 devoti
340 2714 570 2755 voluptatibus
583 2715 702 2747 nolunt
714 2725 910 2757 agnoscere:

957 1437 997 1458 ne
1028 1428 1127 1458 saluti
1159 1437 1228 1459 suae
1257 1427 1434 1467 invigilare
1470 1431 1652 1457 teneantur

957 1478 1099 1508 scilicet.

999 1530 1061 1558 433
1080 1528 1134 1558 Me
1149 1527 1277 1568 quoque]
1299 1528 1308 1544 ‘
1321 1527 1356 1558 Si
1373 1531 1410 1557 tu
1425 1525 1496 1564 vis,’
1513 1524 1654 1556 dicebat

957 1579 1047 1617 olim,
1071 1583 1171 1618 atque
1187 1579 1289 1609 etiam
1307 1587 1394 1608 nunc
1415 1576 1499 1607 dicit
1514 1575 1653 1607 homini-

959 1628 1034 1666 bus,
1049 1629 1202 1658 Christus
1226 1628 1336 1664 Deus3
1358 1631 1409 1665 ut,
1431 1626 1495 1656 nisi
1511 1624 1654 1656 volenti-

959 1677 1021 1707 bus
1038 1677 1144 1714 nobis,
1157 1676 1280 1706 nedum
1295 1677 1367 1716 ipse
1380 1675 1534 1716 quaedam
1551 1674 1655 1714 possit

960 1727 1061 1758 edere
1099 1727 1271 1758 miracula.
1330 1725 1429 1758 Quod
1465 1725 1655 1765 praesertim

960 1776 1096 1808 nefariis
1131 1777 1289 1808 monstris
1330 1775 1542 1817 quibusdam,
1576 1776 1654 1806 Deo

961 1827 1084 1865 exosis,
1102 1827 1156 1867 qui
1175 1827 1205 1856 in
1224 1826 1315 1856 illum
1326 1835 1423 1856 omne
1441 1834 1534 1855 suum
1550 1829 1657 1855 trans-

959 1878 1099 1907 mittunt
1115 1875 1223 1914 nefas,
1247 1880 1299 1906 est
1317 1875 1432 1906 sedulo
1449 1873 1659 1914 perpenden-

961 1926 1052 1957 dum.
1097 1925 1128 1956 A
1143 1926 1217 1956 Deo
1241 1931 1343 1966 atque
1359 1924 1447 1955 illius
1464 1928 1547 1954 nutu
1565 1924 1656 1954 volu-

961 1986 1046 2014 mus,
1070 1984 1179 2015 neque
1195 1984 1214 2005 a
1229 1974 1325 2004 nobis
1341 1973 1520 2013 quicquam
1544 1981 1658 2013 possu-

960 2035 1044 2055 mus.
1074 2023 1121 2055 At
1137 2023 1301 2064 siquidem
1315 2023 1349 2053 in
1366 2022 1462 2052 nobis
1478 2026 1579 2062 atque
1595 2031 1656 2061 pro

960 2074 1057 2104 nobis
1082 2074 1183 2103 etiam
1201 2073 1275 2103 vult
1296 2072 1403 2110 Deus,
1426 2081 1552 2112 nosque
1569 2072 1656 2102 velle

962 2122 1051 2163 quod
1067 2123 1124 2152 ille
1140 2123 1209 2153 vult
1223 2121 1386 2159 intendit3
1409 2120 1497 2161 quod
1511 2120 1567 2151 ille
1583 2121 1657 2150 vult

962 2182 981 2202 a
997 2172 1093 2202 nobis
1109 2172 1179 2202 sine
1195 2176 1307 2202 nostro
1322 2171 1419 2201 Velle
1445 2171 1477 2201 in
1493 2175 1656 2201 aeternnm

961 2222 1117 2261 praestari
1139 2231 1204 2252 non
1229 2224 1355 2261 potest.
1400 2219 1499 2250 Istud
1516 2228 1594 2250 vero
1613 2220 1659 2250 al·

961 2272 1026 2302 tius
1038 2272 1190 2312 relinquo
1204 2270 1363 2310 bipedum
1376 2268 1528 2310 pessimis
1537 2270 1658 2300 riman-

962 2321 1057 2358 dum;
1082 2320 1138 2361 qui
1166 2320 1200 2350 id
1228 2329 1327 2350 unum
1344 2329 1363 2350 a
1381 2319 1526 2350 Domino
1541 2324 1657 2360 postu-

960 2370 1033 2400 lant
1048 2374 1086 2400 ut
1102 2370 1275 2400 voluntate
1289 2378 1348 2399 sua
1363 2378 1469 2410 usque
1485 2368 1656 2400 abutendo

960 2420 1047 2450 illius
1063 2419 1298 2450 benevolentia
1314 2415 1479 2449 fruantur.

1005 2472 1066 2500 434
1093 2468 1255 2508 Nostrum]
1280 2468 1397 2499 Filium
1411 2469 1542 2509 supple.
1572 2469 1656 2500 Tres

964 2528 1041 2549 vero
1057 2528 1132 2549 suos
1146 2519 1283 2558 Jupiter
1307 2522 1479 2556 memorat,
1495 2521 1572 2559 post
1587 2517 1658 2549 fata

965 2569 1006 2599 ob
1018 2568 1189 2608 justitiam
1207 2569 1294 2610 apud
1309 2567 1441 2599 Inferos
1456 2568 1658 2599 constitutos

959 2618 1105 2658 judices.

1010 2667 1196 2707 Cur-vurent]
1218 2667 1355 2700 Iucurvi
1380 2677 1461 2699 vero
1482 2670 1657 2700 senectute

964 2714 1049 2747 fiunt
1062 2716 1220 2748 homines.
1493 2716 1496 2720 “
1572 2726 1578 2732 ’
