1831 3023
198 158 311 200 1392
682 166 724 195 P.
756 162 914 194 ovmn
947 160 1160 192 NAsoN1s

199 261 273 311 Et,
292 261 331 302 si
351 261 570 314 rejicerer‚
591 259 718 312 potui
738 258 946 299 moritura
965 256 1118 296 videri.

200 327 362 369 Omnia
378 327 599 376 fecissem,
620 339 807 380 quorum
829 325 868 365 si
891 323 1058 374 singula
1075 323 1227 363 duram

202 396 400 437 Flectere
419 407 505 434 non
525 397 739 446 poterant,
759 392 1003 443 potuissent
1022 390 1184 437 omnia,
1207 391 1405 429 mentem.

204 463 413 503 Forsitan
435 465 477 500 et
494 460 618 499 missi
638 459 694 497 sit
712 456 914 510 quaedam
936 456 1069 508 culpa
1088 455 1289 496 ministri.

203 529 308 570 Non
328 528 437 568 adiit
455 528 580 577 apte:
610 536 695 563 non
714 523 817 575 legit
837 523 1010 572 idonea,
1030 523 1174 573 credo,
1561 521 1645 563 610

201 596 447 646 Tempora:
477 602 556 630 nec
577 590 705 643 petiit
721 590 953 644 horamque
975 590 1249 642 animumque
1271 591 1518 629 vacantem.

204 660 318 701 Haec
338 670 523 698 nocuere
541 657 660 697 mihi.
720 656 878 709 Neque
899 657 1011 697 enim
1031 656 1083 696 de
1102 655 1255 713 tigride
1277 659 1429 706 natus3

203 726 303 766 Nec
321 724 482 777 rigidas
502 724 662 774 silices,
684 724 925 766 solidumve
945 725 990 764 in
1009 728 1186 777 pectore
1205 723 1377 772 ferrum,

202 792 294 833 Aut
314 791 544 831 adamanta
565 791 686 842 gerit,
707 802 788 829 nec
807 790 878 830 lac
898 791 1012 830 bibit
1030 790 1103 829 ille
1120 790 1288 830 leaenae.

203 859 429 899 Vincetur.
490 855 770 910 Repetendus
792 855 899 895 erit:
930 868 1009 894 nec
1029 855 1165 895 taedia
1181 857 1321 908 coepti
1564 853 1648 894 615

205 926 311 967 Ulla
328 926 414 966 mei
434 925 609 977 capiam
626 937 636 974 3
668 922 772 962 dum
794 921 977 974 spiritus
998 921 1081 961 iste
1101 921 1301 962 manebit.

207 994 325 1034 Nam
345 993 530 1046 primum
559 990 620 1046 (si
637 991 753 1031 sacta
771 988 876 1029 mihi
893 1000 1100 1028 revocare
1121 984 1296 1039 liceret)

207 1060 311 1102 Non
331 1059 517 1113 coepisse
537 1058 642 1099 fuit:
675 1060 823 1111 coepta
843 1068 1109 1110 expugnare,
1129 1054 1362 1095 secundum
1384 1059 1463 1094 est.

205 1191 302 1221 vitam
315 1200 325 1225 ;
349 1193 390 1229 et,
414 1189 441 1219 si
456 1190 629 1229 repellerer,
655 1189 744 1229 potui
769 1189 868 1219 videri
884 1191 1013 1219 mortem
1028 1186 1162 1217 obitura.
1211 1184 1324 1215 Omnia
1340 1183 1506 1222 fecissem:
1526 1192 1651 1224 quorum

206 1234 233 1262 si
248 1234 369 1271 singula
384 1242 443 1262 non
466 1235 608 1272 poterunt
623 1232 743 1262 mollire
766 1241 905 1271 asperum
931 1231 1078 1264 animum,
1105 1227 1204 1258 omnia
1215 1227 1397 1267 potuissent.
1440 1227 1534 1257 Forte
1550 1229 1578 1256 et
1594 1226 1652 1256 ali-

206 1277 287 1315 quod
300 1276 341 1305 sit
355 1273 634 1315 peccatumfumuli
657 1274 753 1304 missi.
801 1275 872 1304 Non
892 1273 1019 1304 accessit
1043 1274 1230 1312 opportune;
1252 1271 1340 1299 credo
1354 1279 1413 1299 non
1426 1268 1562 1308 dispexit
1578 1271 1654 1298 tem-

206 1328 282 1357 pora
296 1320 369 1357 apta
383 1328 392 1346 .·
416 1327 507 1356 neque
520 1317 743 1356 petistffiorum
758 1319 787 1346 et
803 1316 939 1346 animum
954 1324 1089 1345 vacuum.
1136 1314 1203 1343 Ista
1229 1312 1305 1342 milei
1330 1311 1502 1349 obfuerunt.
1547 1311 1654 1349 Neque

207 1360 288 1390 enim
302 1361 353 1389 ille
367 1363 452 1389 ortus
466 1368 504 1388 ex
519 1359 646 1397 tigride,
672 1368 766 1398 neque
781 1358 870 1387 habet
886 1359 964 1388 dura
978 1366 1067 1392 saa-11,
1092 1359 1146 1385 aut
1153 1355 1278 1391 ferrum
1293 1353 1427 1391 rigidum
1443 1357 1496 1383 aut
1509 1353 1654 1382 adaman-

207 1405 269 1432 tem
283 1401 317 1431 in
330 1405 471 1440 pectore:
493 1411 587 1439 neque
609 1400 692 1430 suxit
717 1402 764 1430 lae
787 1400 901 1429 leoenoe.
947 1398 1113 1429 Flectetur.
1158 1397 1354 1435 Repetendus
1369 1396 1440 1425 erit.
1486 1396 1591 1433 Neque
1607 1403 1653 1424 me

208 1443 333 1474 taedebit
348 1452 479 1481 unquam
493 1442 553 1472 mei
568 1442 701 1481 incoepti,
723 1443 793 1472 dum
810 1442 911 1471 anima
934 1441 994 1470 istu
1009 1439 1168 1479 supererit.
1214 1439 1297 1468 Nam
1309 1438 1442 1476 primum
1449 1435 1518 1475 fuit
1534 1446 1593 1466 non
1608 1436 1653 1466 in-

209 1486 332 1525 cepisse,
347 1485 438 1522 sifus
453 1488 529 1515 esset
544 1484 619 1514 mihi
633 1494 773 1515 revocare
780 1483 853 1521 sata
866 1495 875 1513 .-
897 1484 1029 1513 alterum
1043 1486 1087 1513 est
1103 1481 1254 1511 absolvere
1269 1479 1455 1510 institutum.
1500 1479 1654 1519 Namque,

815 1577 832 1586 o
837 1576 986 1587 eaeo-eeoeee
991 1576 1005 1586 e
1009 1577 1025 1587 e·
1029 1577 1046 1587 e

211 1646 274 1675 606
297 1644 337 1675 In
353 1643 502 1674 Berolin.
526 1642 578 1672 hic
594 1652 642 1672 vs.
670 1646 748 1672 ante
776 1640 1028 1680 praecedentem
1055 1638 1244 1669 exhibetur.
1272 1638 1367 1668 Unus
1384 1637 1425 1668 R.
1451 1637 1479 1667 si
1492 1637 1656 1675 rejiceret,-

210 1687 289 1718 Jun.
305 1688 580 1724 respuerer.—608
602 1685 698 1715 Unus
715 1683 834 1714 Heius.
851 1687 886 1712 et
911 1691 995 1712 unus
1020 1681 1060 1711 A.
1077 1691 1151 1711 cum
1168 1680 1252 1711 Cod.
1276 1680 1408 1710 Bersm.
1423 1682 1486 1719 pot.
1513 1682 1658 1719 poterant

211 1732 313 1758 tamen
338 1729 524 1757 omn—61⁰
548 1727 600 1757 Ex
627 1725 819 1756 melioribus
836 1724 954 1754 Heius.
971 1723 1066 1754 dedit
1082 1733 1139 1753 non
1154 1723 1213 1761 leg.
1233 1722 1325 1758 vulg.
1341 1724 1511 1753 nea—611
1536 1721 1655 1752 Heius.

211 1770 312 1800 etiam
334 1769 428 1800 malit
442 1779 501 1799 non
522 1772 584 1808 pet.
602 1773 636 1798 et
663 1777 739 1798 mox
756 1770 897 1798 vacantes
921 1775 982 1806 pro
1006 1766 1281 1795 vacantem—612
1305 1764 1344 1794 In
1364 1767 1445 1794 vett.
1461 1773 1528 1803 neq.
1549 1773 1596 1795 en.
1613 1768 1658 1795 est

211 1814 248 1842 de
263 1812 445 1851 &gn—613
471 1811 607 1850 Rigidas
623 1810 718 1841 dedit
741 1810 861 1840 Heins.
877 1818 917 1839 ex
941 1808 1118 1838 duodecim
1136 1805 1426 1846 praestantioribus
1441 1816 1450 1843 ;
1474 1806 1562 1845 vulg.
1579 1807 1658 1846 rigi-

212 1855 285 1884 dos:
309 1853 477 1894 Spirensis
497 1853 603 1892 m'gz‘da
624 1853 722 1883 silice.
745 1851 878 1883 Deinde
908 1851 1058 1881 Berolin.
1082 1855 1116 1880 et
1133 1848 1289 1880 Heidelb.
1306 1849 1338 1878 in
1352 1851 1591 1888 corpore—615
1617 1849 1659 1880 R.

213 1896 359 1927 Urbinas
376 1901 411 1928 et
436 1906 486 1936 pr.
511 1896 585 1926 Pal.
611 1896 729 1934 legunt
757 1899 883 1925 mutata
907 1893 1148 1924 distinctione:
1174 1892 1240 1922 Nec
1262 1891 1357 1921 {cedia
1382 1891 1474 1929 coepti
1493 1890 1563 1921 Ulla
1577 1891 1658 1922 mei.-

213 1939 332 1978 cupiam
347 1940 430 1977 dum,
446 1940 497 1977 ἃς.
514 1938 559 1968 N.
577 1943 612 1968 et
628 1937 722 1968 Med.
736 1947 790 1968 nec
805 1936 899 1967 toeclia
925 1936 1014 1975 coepti
1042 1935 1112 1965 Ulla
1127 1935 1186 1964 mei
1201 1933 1333 1970 faciam,
1350 1932 1409 1962 sed
1425 1932 1593 1971 vulgatam
1608 1942 1659 1963 re·

216 1981 303 2012 tinet
319 1981 542 2012 Burm—ffl?
566 1980 606 2011 In
635 1980 749 2010 multis
766 1984 850 2010 vett.
873 1977 1102 2015 sijum—618
1125 1975 1194 2006 Alii
1210 1976 1282 2005 Non
1305 1974 1419 2014 cepisse
1431 1973 1526 2010 foret.
1550 1974 1605 2004 Fr.
1621 1979 1657 2005 et

867 2070 1005 2102 NOTAE

259 2149 321 2177 609
338 2146 483 2177 Forsitan
496 2146 541 2185 et]
565 2146 725 2186 Persaepe
741 2145 909 2181 nimirum,
964 2142 1137 2174 subductis
1168 2143 1209 2173 ad
1241 2143 1343 2174 vitam
1371 2143 1553 2174 rationibus
1584 2153 1658 2174 esse

216 2201 355 2235 captata
370 2195 559 2233 occasione,
582 2194 615 2224 in
645 2199 797 2234 tempore
810 2194 909 2224 adve-
964 2198 1151 2231 antumant,
1162 2198 1200 2224 ut
1216 2203 1323 2234 neque
1339 2193 1423 2232 dies,
1435 2202 1543 2233 neque
1555 2193 1661 2233 locus,

211 2246 300 2285 nire,
326 2245 358 2275 in
385 2245 483 2275 rebus
503 2245 606 2275 etiam
634 2244 786 2274 maximis
802 2252 910 2283 prope
964 2252 1073 2282 neque
1087 2252 1140 2272 res
1153 2243 1220 2272 ulla
1233 2242 1379 2282 denique
1392 2242 1467 2273 illos
1479 2242 1659 2283 quicquam

217 2295 335 2326 unicus
349 2294 454 2325 labor.
966 2292 1144 2322 admonere
1162 2292 1277 2331 possit.
1322 2291 1412 2324 Quin
1429 2291 1522 2322 illum
1539 2296 1660 2322 contra

260 2348 323 2376 618
348 2346 455 2385 Coepta
476 2344 664 2384 expugnare]
696 2343 796 2374 Prius
819 2342 910 2384 eqni·
964 2341 1060 2372 firma
1074 2346 1110 2372 et
1125 2341 1210 2371 bene
1224 2341 1409 2372 constituta
1419 2345 1532 2371 mente
1544 2341 1660 2372 vivere

218 2396 293 2426 dem
325 2403 423 2436 quam
453 2394 606 2434 incipias,
641 2393 814 2430 consulto;
853 2392 909 2422 ubi
965 2391 1179 2430 crediderim,
1195 2392 1251 2432 qui
1265 2391 1407 2422 subinde
1432 2400 1504 2422 sese
1518 2391 1558 2421 ad
1577 2395 1660 2422 tem-

219 2444 437 2482 consulueris,
461 2448 590 2474 mature
620 2442 711 2474 facto
739 2452 823 2482 opus
849 2446 909 2472 est.
966 2452 1027 2482 pus
1040 2440 1586 2481 accommodare,sententiamque
1600 2450 1661 2480 pro

221 2495 269 2525 At
296 2495 383 2524 enim
412 2503 487 2524 cum
515 2494 657 2533 primum
682 2494 768 2523 male
794 2502 910 2523 consu·
966 2502 1001 2522 re
1028 2496 1109 2522 nata
1136 2496 1265 2522 mutare
1292 2491 1460 2522 didicerit.
1504 2491 1573 2521 Sibi
1599 2500 1660 2521 suo

221 2545 320 2574 luisse
351 2553 410 2574 nos
447 2544 667 2581 advertimus,
695 2542 737 2573 ab
774 2542 911 2581 incepto
967 2552 1066 2572 sensu
1084 2543 1242 2582 optimam
1259 2542 1371 2582 posuit
1384 2542 1508 2582 legem,
1525 2541 1582 2582 qui
1598 2541 1661 2571 sibi

221 2593 384 2624 desistere
399 2593 579 2623 secundum
595 2592 691 2623 nobis
706 2602 777 2622 esse
793 2592 911 2622 debet:
964 2592 1090 2621 nullam
1117 2601 1243 2631 ponere
1269 2592 1464 2634 constituitg
1486 2601 1559 2634 quae
1574 2591 1661 2623 viro-

223 2648 272 2681 ut,
297 2642 375 2673 mihi
391 2642 538 2682 quidem,
558 2643 703 2673 omnium
725 2641 915 2672 stultissimi
967 2651 1039 2672 rum
1052 2646 1245 2674 sanctorum
1261 2649 1330 2673 sors
1343 2646 1406 2673 est.

223 2693 415 2733 videantur,
441 2692 497 2734 qui
522 2702 558 2724 se
583 2692 633 2723 ita
657 2691 853 2733 compositis
879 2695 915 2722 et
