1831 3023
519 259 551 288 M
561 253 992 287 ETAMORPHOSEON
1026 255 1121 286 Lux.
1153 257 1196 287 V.

129 352 173 395 A
193 358 315 397 tanto
336 351 551 395 cecidisse
571 349 683 390 viro.
744 348 857 389 Pars
876 348 1031 390 ultima
1049 349 1178 390 vocis

130 421 184 462 In
201 421 347 462 medio
365 429 603 471 suppressa
623 428 735 456 sono
756 419 846 456 est:
878 415 1176 469 adapertaque
1197 416 1307 457 velle

131 487 223 530 Ora
240 486 362 540 loqui
385 485 540 526 credas
557 498 568 534 ;
598 497 681 525 nec
702 487 802 524 sunt
821 497 874 525 ea
894 485 1047 538 pervia
1064 484 1226 525 verbis.

130 555 332 608 Increpat
351 553 447 602 hos,
469 551 682 605 Vitioque
703 553 852 602 animi,
874 565 962 594 non
982 553 1188 602 crinibus,
1208 551 1368 606 inquit,

129 621 374 674 Gorgoneis
395 620 593 673 torpetis,
616 619 740 673 Eryx
758 633 767 661 :
798 621 1005 661 incurrite
1025 633 1194 661 mecum
1211 633 1221 671 ;

129 688 187 730 Et
203 688 462 742 prosternite
482 687 601 728 humi
617 689 824 743 juvenem
844 689 1019 742 magica
1039 700 1160 729 arma
1180 692 1446 730 moventem.

130 755 393 796 Incursurus
413 759 507 796 erat
523 769 534 807 ;
566 756 702 796 tenuit
721 757 909 809 vestigia
928 756 1055 797 tellus
1074 769 1083 796 :

130 822 437 877 Immotusque
459 823 585 873 silex,
607 829 862 878 armataque
883 824 1043 866 mansit
1062 824 1225 877 imago.

128 889 195 931 Hi
214 896 360 932 tamen
381 904 439 931 ex
458 892 610 932 merito
631 904 810 945 poenam
833 892 1022 941 subiere,
1046 892 1123 932 sed
1141 905 1252 933 unus

129 957 262 999 Miles
278 963 369 1000 erat
389 958 558 1008 Persei,
578 971 657 1012 pro
679 971 768 1012 quo
791 958 896 1000 dum
915 963 1098 1013 pugnat,
1119 958 1366 1010 Aconteus,

128 1023 334 1080 Gorgone
356 1031 594 1081 conspecta
614 1039 727 1067 saxo
749 1028 971 1068 concrevit
991 1028 1160 1068 oborto.

129 1091 275 1144 Quem
294 1097 413 1135 ratus
433 1093 656 1148 Astyages
674 1095 914 1136 etiamnum
934 1095 1101 1144 vivere,
1122 1095 1254 1148 longo

130 1160 247 1202 Ense
267 1161 388 1203 ferit:
423 1163 570 1203 sonuit
589 1162 819 1203 tinnitibus
841 1163 960 1204 ensis
982 1162 1138 1203 acutis.

131 1227 250 1269 Dum
269 1233 418 1283 stupet
438 1228 658 1283 Astyages
676 1243 686 1280 ;
717 1234 918 1271 naturam
941 1229 1075 1269 traxit
1093 1227 1279 1270 eandem
1297 1243 1306 1269 ε

131 1293 473 1350 Marmoreoque
494 1301 645 1338 manet
667 1297 813 1338 vultus
833 1296 1028 1337 mirantis
1051 1297 1095 1336 in
1115 1308 1205 1336 ore.

130 1361 328 1404 Nomina
347 1364 477 1416 longa
498 1376 623 1404 mora
643 1367 712 1404 est
731 1363 877 1404 media
896 1362 949 1402 de
968 1362 1099 1415 plebe
1118 1362 1306 1402 w‘rorum

137 1431 305 1473 Dicere.
369 1431 449 1472 Bis
469 1436 643 1472 centum
664 1432 892 1472 restabant
911 1442 1097 1484 corpora
1116 1443 1277 1484 pugnae
1296 1444 1306 1471 ε

131 1497 336 1552 Gorgone
353 1498 423 1539 bis
444 1502 619 1539 centum
640 1498 861 1551 riguerunt
881 1509 1067 1551 corpora
1087 1497 1198 1538 visa.

1474 247 1588 290 1129

1504 552 1591 594 195

1507 891 1592 934 200

130 1637 276 1667 magnam
303 1627 538 1659 consolationem
562 1628 660 1665 necis,
683 1627 856 1660 occubuisse
871 1639 890 1659 a
905 1631 993 1660 tanto
1006 1628 1084 1660 viro.
1132 1627 1212 1658 Pars
1226 1627 1392 1658 norissima
1406 1627 1487 1658 cocis
1500 1628 1597 1658 inter-

130 1670 215 1702 clusa
228 1674 274 1702 est
289 1671 321 1701 in
336 1671 433 1702 medio
446 1681 519 1702 sono
529 1682 539 1701 :
563 1674 591 1702 et
607 1671 775 1702 arbitreris
785 1681 819 1703 os
833 1675 975 1712 apertum
990 1675 1098 1712 optare
1106 1669 1189 1710 fari,
1201 1680 1296 1711 neque
1307 1670 1385 1702 illud
1400 1674 1445 1701 est
1455 1670 1599 1711 pervium

131 1712 262 1744 vocibus.
307 1713 401 1755 Eryx
413 1713 556 1753 objurgat
572 1714 660 1752 istos,
676 1715 793 1755 Atque,
805 1715 865 1754 ait,
881 1715 1007 1746 haeretis
1021 1715 1110 1755 culpa
1124 1714 1234 1752 animi,
1260 1723 1320 1744 non
1335 1713 1459 1754 cupillis
1476 1713 1598 1752 Gorgo-

132 1756 216 1786 neis.-
237 1756 352 1787 irruite
374 1766 503 1796 mecum,
524 1760 554 1787 et
578 1757 611 1787 in
641 1760 759 1788 terram
780 1758 854 1788 date
873 1758 1094 1788 adolescentem
1116 1759 1303 1786 tractantem
1325 1766 1411 1787 arma
1427 1757 1598 1787 incantata.

133 1797 275 1829 Par-nbat
289 1798 409 1830 irruere
419 1809 430 1835 ;
453 1803 539 1830 terra
564 1800 749 1840 compescuit
764 1801 880 1839 pedes;
903 1803 931 1830 et
948 1800 1040 1830 haesit
1064 1809 1176 1829 saxum
1195 1798 1348 1829 immobile
1365 1802 1397 1828 et
1411 1799 1535 1837 signum
1549 1808 1599 1828 ar-

134 1844 263 1871 matum.
308 1841 411 1881 Atque
425 1841 458 1871 hi
473 1843 624 1872 dederunt
642 1852 747 1882 pamas
763 1851 820 1882 pro
837 1843 970 1878 merito,-
991 1843 1043 1873 sed
1059 1851 1150 1879 unus,
1166 1841 1332 1879 Aconteus,
1346 1840 1449 1871 stabat
1464 1850 1483 1870 a
1498 1841 1600 1881 parti-

136 1883 189 1914 bus
204 1882 327 1923 Persei,
340 1894 396 1924 pro
411 1894 468 1923 quo
483 1885 555 1915 dum
569 1888 680 1921 certat,
699 1885 844 1923 Gorgone
860 1885 937 1923 risa,
953 1883 1097 1915 obduruit
1122 1887 1211 1924 petra
1235 1883 1357 1913 innata.
1406 1883 1506 1918 Quem
1531 1892 1602 1913 cum

134 1927 294 1966 Astyages
318 1928 457 1957 crederet
472 1927 572 1957 adhuc
588 1928 700 1964 virere,
714 1927 852 1967 percutit
867 1927 956 1966 longo
968 1928 1074 1966 gladio
1086 1937 1096 1957 :
1117 1926 1244 1965 gladius
1258 1935 1362 1956 sonum
1382 1925 1480 1956 edidit
1503 1925 1602 1956 tinni-

134 1967 217 1998 tibus
227 1970 338 2000 acutis.
384 1970 469 2000 Dum
483 1970 642 2010 Astyages
657 1970 804 2007 miratur,
819 1969 922 2000 induit
938 1971 1064 2000 eandem
1091 1973 1237 1999 naturam
1250 1978 1260 2003 ;
1287 1972 1316 1998 et
1327 1967 1431 2005 facies
1446 1967 1602 2008 stupentis

134 2010 229 2041 haeret
245 2011 277 2041 in
294 2021 345 2042 ore
360 2021 539 2042 marmoreo.
583 2012 727 2051 Longum
757 2015 802 2042 ese
826 2021 982 2042 recensere
1008 2012 1131 2042 nomina
1156 2010 1294 2041 virorum
1317 2011 1355 2040 de
1383 2010 1487 2049 vulgo.
1533 2010 1603 2040 Du-

134 2054 215 2084 cenea·
243 2053 380 2085 homines
406 2057 584 2095 supererant
613 2063 653 2085 ex
677 2055 865 2090 certamine,·
887 2054 1011 2085 ducenti
1034 2054 1241 2085 obduruerunt
1263 2056 1424 2093 conspectu
1443 2053 1601 2092 Gorgone.

749 2147 985 2160 eeeeeeeeeee

131 2212 231 2253 [ει-,ι
220 2212 352 2245 ι’.--192
376 2213 473 2245 Idem
502 2214 555 2253 Te,
590 2214 644 2247 vel
672 2213 719 2245 Tu
748 2217 846 2245 tanto.
848 2217 953 2245 -195
979 2215 1030 2247 Fl.
1055 2214 1087 2246 S.
1117 2213 1240 2253 Marci,
1266 2216 1301 2244 et
1322 2222 1407 2244 unus
1424 2212 1519 2244 Med.
1534 2222 1603 2244 eum

136 2254 214 2287 crin.
238 2255 282 2287 N.
309 2256 476 2297 Bernegg.
500 2257 624 2297 aliique
647 2257 744 2288 multi
766 2268 821 2289 cur
834 2257 972 2289 ein'tms:
1006 2258 1137 2289 Bonon.
1162 2266 1245 2287 unus
1263 2265 1323 2296 pro
1341 2255 1409 2286 (liv
1436 2255 1515 2287 lect.
1539 2266 1600 2286 non

135 2297 284 2337 crinibus,
308 2299 398 2340 quod
424 2305 460 2330 et
487 2299 606 2331 Heius.
633 2301 775 2340 recepit.
780 2303 887 2331 -199
910 2301 1025 2341 Major
1049 2309 1127 2341 pars
1153 2299 1263 2331 Codd.
1286 2299 1355 2330 silet
1383 2308 1445 2339 pro
1468 2298 1602 2330 silex.—

138 2342 202 2372 200
224 2321 291 2373 Ati'i
313 2352 418 2383 ρετιιω
443 2342 553 2373 subier.
557 2345 659 2374 —201
687 2342 755 2374 Alii
785 2343 955 2381 Achoreus,
980 2343 1034 2376 vel
1060 2343 1246 2381 Achonthes,
1272 2342 1325 2372 vel
1354 2342 1522 2380 Actumees,
1548 2342 1602 2372 vel

137 2383 284 2417 Achates.
286 2388 392 2417 -204
417 2385 512 2417 Unus
526 2385 679 2418 Gronov.
702 2386 803 2418 tonuit
820 2387 899 2417 tinn.
928 2388 1028 2418 Cant.
1058 2392 1093 2417 et
1112 2392 1182 2417 tres
1197 2385 1251 2416 alii
1266 2387 1492 2416 «καὶαι-210
1508 2384 1603 2416 Unus

801 2488 831 2519 N
838 2487 940 2519 OTAE

184 2563 245 2592 193
268 2560 453 2603 Suppreasa]
500 2561 600 2594 Quod
626 2561 783 2602 superbis
810 2566 846 2593 et
899 2562 1044 2594 Medusa
1062 2561 1304 2603 praecelluisse,
1320 2566 1357 2592 ut
1373 2561 1414 2591 ad
1437 2560 1510 2600 ejus
1525 2568 1603 2590 cou-

143 2610 245 2642 ntulte
260 2612 480 2652 gloriantibus
494 2612 567 2644 fere
582 2612 722 2651 accidit,
736 2617 774 2644 ut
786 2622 846 2644 sua
898 2619 1055 2655 spectum
1072 2613 1200 2654 stupidi
1217 2617 1370 2642 amantes
1396 2610 1487 2651 quusi
1512 2608 1603 2639 obri-

144 2660 220 2691 ino»
235 2661 400 2695 destituat
417 2669 452 2696 et
469 2664 588 2705 perdat
600 2665 716 2705 gloria.
898 2670 1087 2706 gesem-ent.
1133 2666 1217 2697 Quoe
1235 2672 1286 2693 res
1301 2662 1348 2692 sui
1364 2668 1532 2700 quemque
1545 2659 1605 2690 ad·

190 2713 249 2742 19⁵
278 2712 362 2745 Vitio
372 2714 487 2755 animi]
524 2715 578 2747 Ad
600 2715 774 2747 historiam
799 2716 844 2746 al·
899 2714 1213 2752 1nonercde1›et,ne
1226 2712 1342 2743 fraude
1355 2709 1603 2750 propriumtgi&

145 2761 233 2793 ludit
247 2760 356 2795 forte:
373 2765 566 2797 untaenim
578 2765 704 2797 dicitur
722 2765 844 2805 forma,
899 2776 998 2807 quam
1016 2765 1127 2796 alieno
1143 2765 1242 2801 bono,
1264 2771 1329 2792 non
1347 2761 1377 2791 iu
1395 2769 1526 2801 saxum,
1542 2760 1602 2791 ned

143 2813 332 2853 praesenim
342 2814 570 2848 verocrinium
581 2817 846 2858 pulchritudine,
899 2817 932 2848 in
949 2826 1042 2848 suem
1057 2823 1230 2852 canemvc,
1246 2816 1410 2845 mutetur.
