1831 3023
549 212 1020 247 METAMORPHOSEON
1056 212 1153 245 Lm.
1185 212 1280 244 xii.
1530 204 1643 248 1549

155 353 164 362 x
188 310 371 365 Vixque
391 309 511 352 viro:
541 319 791 362 quanquam
812 307 890 348 ille
912 307 977 348 vir
997 310 1089 348 est:
1125 320 1207 348 nos
1228 306 1433 360 segnibus
1453 307 1585 358 actis,

190 377 322 429 Quod
340 378 424 420 fuit
442 377 527 427 ille,
549 388 718 416 sumus.
780 374 899 425 Quid
918 375 1113 416 membra
1134 375 1339 416 immania
1358 378 1544 427 prosunt
1557 375 1577 413 't

190 445 313 496 Quid
335 445 518 498 geminae
540 443 690 483 vires?
723 441 846 494 quid,
868 441 987 495 quod
1009 441 1247 483 fortissima
1266 454 1406 483 rerum

191 511 242 552 In
262 512 390 552 nobis
411 515 566 551 natura
585 508 749 562 duplex
771 509 979 549 animalia
993 509 1176 562 junxit?

190 578 288 619 Nec
307 592 386 619 nos
406 584 545 618 matre
569 576 682 625 Dea,
704 589 781 616 uec
804 589 884 617 nos
905 575 1064 616 Ixione
1084 581 1214 617 natos

189 645 299 686 Esse
321 659 436 696 reor;
470 644 546 698 qui
565 648 713 684 tantus
733 648 841 691 erat,
862 642 890 683 J
897 643 1052 682 unonis
1072 647 1118 682 ut
1140 643 1240 683 altae
1562 640 1649 682 505

189 711 322 765 Spem
343 715 528 766 caperet.
590 710 688 751 Nos
711 710 932 751 semimari
953 721 1206 762 superamur
1227 711 1282 750 ab
1303 711 1440 751 hoste.

189 778 327 835 Saxa,
349 780 582 832 trabesque
603 791 749 831 super,
772 782 972 832 totosque
992 777 1199 817 involvite
1222 783 1392 818 montes
1410 792 1418 818 :

187 845 496 899 Vivacemque
518 846 707 886 animam
729 845 875 885 missis
900 844 1044 885 elidite
1067 844 1219 897 sylvis.

189 913 326 966 Sylva
347 918 514 966 premat
534 912 707 953 fauces:
740 918 785 952 et
805 913 886 952 erit
907 924 988 964 pro
1009 911 1186 952 vulnere
1208 911 1394 965 pondus.

188 980 318 1022 Dixit
336 994 345 1021 ε
377 986 423 1020 et
439 980 580 1020 insani
602 979 816 1032 dejectam
839 980 1003 1019 viribus
1024 977 1178 1019 Austri
1565 977 1649 1020 510

189 1046 320 1088 Forte
339 1048 506 1087 trabem
529 1052 701 1096 nactus,
726 1046 913 1086 validum
935 1046 1126 1099 conjecit
1146 1046 1188 1086 in
1210 1046 1377 1087 hostem
1396 1060 1405 1086 :

190 1113 547 1167 Exemplumque
567 1114 671 1155 suit:
705 1126 932 1167 parvoque
952 1114 995 1154 in
1019 1118 1213 1166 tempore
1235 1113 1375 1154 nudus

189 1181 375 1222 Arboris
398 1180 560 1235 Othrys
580 1185 697 1222 erat:
728 1194 808 1222 nec
830 1181 1016 1221 habebat
1039 1181 1195 1221 Pelion
1218 1182 1407 1222 umbras.

190 1247 387 1289 Obrutus
409 1249 584 1289 immani
607 1248 797 1297 cumulo,
818 1248 899 1288 sub
922 1247 1110 1302 pondere
1135 1246 1323 1288 Caeneus

191 1317 371 1358 AEstuat
391 1318 596 1357 arboreo:
629 1320 929 1368 congestaque
951 1316 1106 1355 robora
1127 1315 1246 1354 duris
1565 1313 1650 1355 515

192 1383 295 1424 Fert
314 1383 518 1423 humeris.
580 1382 669 1423 Sed
689 1382 803 1422 enim
824 1385 1057 1434 postquam
1077 1393 1208 1433 super
1229 1392 1307 1420 ora
1326 1383 1547 1433 caputque

191 1532 257 1554 una
270 1533 347 1563 gens
361 1523 512 1554 vincimur
526 1523 564 1553 ab
579 1533 650 1560 uno,
665 1523 780 1562 vixque
796 1524 874 1553 viro.
924 1521 1058 1553 Tametsi
1087 1521 1139 1551 ille
1166 1523 1211 1550 est
1236 1520 1295 1557 vir,
1317 1529 1372 1549 nos
1385 1528 1489 1550 sumus
1504 1519 1656 1550 inertibus

185 1565 286 1606 factis
300 1566 446 1606 quoditie
460 1565 541 1602 suit.
590 1566 686 1604 Cujus
710 1574 781 1595 usus
809 1568 897 1595 artus
925 1561 1094 1603 ingentes?
1142 1562 1225 1597 Quid
1244 1565 1370 1601 prosunt
1394 1561 1530 1601 duplices
1544 1560 1654 1593 vires?

193 1607 278 1645 Quia
291 1609 369 1648 quod
384 1612 496 1638 natura
510 1609 626 1648 duplex
640 1607 790 1638 commisit
815 1608 848 1638 in
867 1607 951 1637 nobis
974 1606 1165 1637 calidissima
1179 1605 1326 1635 animalia
1341 1604 1474 1634 omnium
1487 1603 1502 1636 ἶ)
1549 1605 1656 1644 Neque

190 1650 328 1682 arbitror
344 1661 397 1682 nos
412 1654 500 1681 natos
515 1654 614 1681 matre
630 1651 712 1689 Dea,
740 1660 793 1681 nec
819 1650 940 1687 Ixione,
957 1649 1008 1688 qui
1026 1651 1130 1678 tantus
1146 1650 1224 1684 erat,
1248 1650 1283 1677 ut
1309 1657 1393 1686 spem
1407 1647 1579 1686 conciperet
1594 1647 1657 1677 Ju-

191 1693 282 1725 nonis
297 1694 433 1724 excelsoe.
480 1693 545 1724 Nos
574 1693 726 1723 vincimur
752 1692 792 1722 ab
818 1692 903 1722 hoste
932 1691 1086 1721 semiviro.
1133 1688 1268 1727 Dejicite
1296 1698 1386 1728 super
1412 1689 1506 1719 iilum
1526 1689 1657 1729 lapides,

191 1735 328 1775 arbores,
338 1739 368 1766 et
384 1739 500 1766 montes
516 1736 663 1774 integros,
677 1738 770 1774 atque
784 1733 948 1774 opprimite
962 1733 1096 1763 animam
1112 1731 1246 1762 vivacem
1259 1730 1407 1761 immissis
1416 1731 1522 1770 sylvis.
1560 1730 1656 1770 Sylva

193 1778 346 1818 opprimat
363 1778 522 1817 jugulum,
549 1781 578 1808 et
602 1787 676 1807 onus
695 1777 755 1807 erit
770 1787 826 1817 pro
841 1777 976 1806 rulnere.
1022 1775 1144 1810 Dixit,-
1167 1778 1196 1805 et
1211 1784 1283 1804 casu
1306 1776 1414 1803 nactus
1433 1772 1572 1803 arborem
1585 1782 1656 1812 pro-

194 1823 327 1850 stratam
350 1819 614 1860 impetusurentis
637 1819 763 1857 Austri,
780 1818 863 1849 misit
881 1819 912 1849 in
929 1821 1087 1848 utrenuum
1101 1817 1215 1847 hostem
1227 1827 1237 1847 .-
1261 1819 1352 1855 atque
1367 1815 1579 1855 eumplosuit
1592 1826 1602 1845 .·
1626 1818 1656 1845 et

195 1862 279 1893 bret-i
306 1863 426 1903 Othrys
455 1866 523 1893 erat
549 1863 699 1902 epoliatus
722 1861 902 1897 arboribus‚·
925 1870 1019 1901 neque
1052 1860 1160 1890 Pelion
1192 1858 1321 1889 habebat
1348 1858 1480 1888 umbras.
1528 1858 1658 1888 Ca’neus

195 1915 354 1945 oppressus
378 1905 487 1936 insana
519 1905 660 1943 congerie
685 1907 799 1934 oestuat
815 1904 869 1934 sub
885 1913 975 1934 onere
990 1903 1127 1939 arboren,
1143 1905 1173 1932 et
1182 1901 1251 1940 sert
1270 1899 1409 1938 fortibus
1422 1900 1556 1930 humeris
1570 1900 1657 1939 lig-na

192 1952 348 1987 congesta.
400 1948 511 1979 Verum
542 1949 695 1978 enimi-ero
718 1950 878 1988 postquam
900 1947 1018 1986 pondus
1043 1945 1185 1976 additum
1207 1947 1253 1975 est
1281 1952 1418 1983 superos
1443 1946 1534 1983 atque
1554 1945 1657 1983 caput,

807 2040 1038 2051 come-eo·

201 2106 295 2146 Vixq.
312 2106 404 2136 mari.
451 2104 582 2135 Deinde
607 2104 682 2135 Pan.
709 2113 793 2135 unus
813 2114 897 2141 εφη.
914 2103 1127 2134 hastis.—501
1156 2101 1251 2133 Leid.
1277 2111 1359 2132 unus
1378 2101 1456 2136 Quae
1469 2099 1658 2138 suit.-502

199 2147 307 2185 Quia!
323 2149 401 2189 quod
411 2152 464 2179 est
480 2157 522 2178 ex
535 2148 693 2178 Cniandr.
712 2147 799 2178 Cod.
817 2152 851 2177 ot
868 2152 1012 2186 quatuor
1028 2156 1070 2177 ex
1088 2145 1206 2176 Heius,
1225 2145 1313 2183 vulg.
1325 2148 1354 2174 et
1365 2144 1559 2183 quod.—505
1576 2142 1659 2172 Lan-

201 2201 306 2232 germ.
336 2191 406 2223 13⁸⁸.
429 2192 617 2222 ream—50⁷
645 2190 719 2221 Duo
746 2189 838 2220 Med.
863 2192 1024 2228 tortosque.
1070 2188 1156 2218 Dein
1185 2192 1262 2218 tert.
1288 2186 1383 2217 Med.
1412 2184 1658 2216 enutrita—510

202 2233 310 2264 Imaui
337 2238 389 2263 est
415 2242 456 2262 ex
487 2234 529 2263 N.
555 2232 686 2263 Arund.
713 2242 764 2272 pr.
790 2232 866 2262 Bas.
892 2240 959 2261 sec.
984 2230 1057 2260 Pal.
1092 2234 1127 2260 et
1152 2229 1265 2260 multis
1293 2229 1386 2266 aiiis;
1411 2228 1500 2267 vulg.
1528 2227 1656 2257 insanis.

202 2275 336 2307 Deinde
353 2274 504 2312 desectum
528 2275 676 2315 quinque
695 2284 737 2305 ex
755 2273 1022 2310 vetustioi·ibus;
1045 2272 1199 2312 direptam
1226 2282 1278 2312 pr.
1295 2271 1372 2301 Bas.
1394 2270 1522 2301 Aruud.
1538 2275 1571 2300 et
1589 2275 1659 2299 tres

201 2319 376 2349 auh—511
403 2318 510 2348 Gron.
536 2317 670 2347 calidam
693 2316 768 2354 conj.
797 2315 956 2347 Heidelb.
979 2316 1250 2345 com-ertit.—512
1276 2314 1369 2344 Unus
1396 2312 1490 2343 Med.
1511 2311 1658 2342 melioris

202 2366 290 2392 nota*
312 2360 637 2400 Exemploque.—513
662 2359 765 2389 Pelias
787 2359 823 2390 S.
839 2358 965 2395 Marci,
984 2357 1110 2388 Thuan.
1135 2357 1233 2398 prim.
1259 2356 1366 2387 Gron.
1391 2365 1442 2396 pr.
1468 2355 1553 2385 Mor.
1571 2354 1598 2384 1.
1623 2358 1659 2383 et

200 2409 332 2444 sepiem
350 2402 428 2433 alii:
455 2401 515 2432 sed
534 2402 641 2432 Pelion
659 2406 727 2432 tam
745 2401 833 2441 apud
853 2401 995 2432 Gra-cos
1021 2410 1121 2441 quam
1147 2400 1286 2431 Latinos
1312 2408 1384 2430 esse
1409 2398 1442 2428 iu
1467 2407 1528 2428 usu
1558 2396 1661 2427 Heiu-

203 2447 270 2477 sius
287 2447 518 2476 monet-514
546 2444 693 2475 Berolin.
719 2444 803 2474 imm.
821 2445 962 2479 tumulo,·
987 2443 1085 2473 etsie
1102 2442 1205 2473 etiam
1222 2443 1336 2482 plures
1353 2441 1419 2472 alii.
1453 2441 1546 2471 Unus
1566 2438 1659 2469 Med.

203 2489 338 2520 exhibet
354 2489 467 2519 rumuli
483 2486 960 2528 sub110ndcre...arbm·ei.—-515
987 2485 1135 2517 Berolin.
1153 2486 1197 2517 Ο.
1223 2490 1258 2516 et
1281 2485 1389 2516 Gron.
1413 2487 1447 2514 ct
1473 2484 1584 2523 plures
1602 2480 1659 2510 alii

858 2589 1001 2621 NOTAE

248 2668 310 2696 500
335 2663 532 2705 Quanquam]
565 2664 812 2694 Centaurorum
839 2672 906 2693 ma-
966 2694 970 2697 ,
1001 2665 1063 2694 501
1099 2661 1184 2700 Dm]
1224 2660 1332 2692 Quam
1358 2657 1529 2691 ,lunonem
1555 2655 1658 2686 stulte

207 2717 256 2755 gis
285 2715 395 2754 arguit
426 2714 556 2745 turbam
590 2714 651 2744 huc
683 2713 907 2753 correctione,
959 2711 1200 2754 gloriabantur.

207 2776 305 2808 «iiiam
321 2766 482 2797 Caeneuni
501 2764 628 2796 laudat.
