1831 3023
211 269 324 311 1562

702 280 723 310 Ρ
771 281 929 310 OVIDII
964 282 1174 313 NASONIs

213 373 310 415 Nee
331 377 475 415 tamen
495 375 591 416 haec
613 375 747 415 series
770 375 815 414 in
835 386 970 414 causa
990 377 1141 428 prosit,
1164 376 1326 417 Achivi
1343 389 1353 428 3

213 440 262 481 Si
282 442 388 482 mihi
407 455 505 482 cum
525 454 682 493 magno
702 454 788 480 non
807 445 873 481 est
892 444 1136 483 communis
1160 442 1350 484 Achille.

915 508 1035 558 Quid
1060 511 1268 563 sanguine
1290 513 1430 551 cretus

215 507 367 548 Frater
385 512 500 557 erat3
531 507 716 547 fraterna
737 511 852 559 peto.

1607 444 1664 485 30

215 574 435 628 Sisyphio,
456 573 668 626 furtisque
689 579 731 615 et
750 574 902 615 fraude
923 576 1172 618 simillimus
1194 578 1273 627 illi,

215 639 374 680 Inserit
395 640 602 681 AEacidis
621 641 778 682 alienae
800 643 978 683 nomina
999 645 1170 695 gentis?

213 705 286 745 An
307 706 425 759 quod
446 706 488 746 in
510 719 628 747 arma
647 708 780 760 prior,
798 709 1005 762 nulloque
1027 711 1106 750 sub
1128 711 1273 752 indice
1296 709 1410 760 veni,

212 770 349 812 Arma
367 773 564 824 neganda
583 774 724 814 mihi?
757 775 988 828 potiorque
1010 776 1226 819 videbitur
1245 778 1334 827 ille,

214 838 380 879 Ultima
400 840 473 893 qui
494 840 627 892 cepit,
651 840 994 893 detrectavitque
1012 842 1158 882 furore

213 904 421 946 Militiam
442 906 543 946 ficto
561 920 570 946 :
602 906 743 947 donee
765 907 970 947 solertior
989 908 1091 956 isto,

214 972 300 1013 Sed
322 972 409 1013 sibi
429 973 638 1023 inutilior,
658 974 800 1015 timidi
821 978 1065 1016 commenta
1087 974 1248 1015 retexit

213 1102 241 1133 A
248 1106 316 1142 tque
331 1103 377 1134 ita
390 1103 478 1142 Ajax
501 1108 547 1135 est
563 1104 675 1136 tertius
689 1116 707 1136 α
720 1107 809 1138 Jove.
855 1107 964 1148 Neque
980 1111 1082 1138 tamen
1097 1107 1148 1138 hic
1174 1107 1247 1137 ordo
1261 1116 1386 1137 causam
1397 1105 1500 1145 juvet,
1516 1117 1533 1137 o
1551 1107 1671 1145 Groeci,

213 1146 275 1175 uisi
291 1145 367 1175 mihi
382 1146 423 1175 sit
436 1148 602 1177 communis
616 1158 684 1179 cum
694 1149 812 1179 illustri
823 1149 954 1181 Achille.
975 1152 1055 1181 Erat
1069 1150 1221 1190 patruelis
1234 1159 1243 1178 .·
1263 1159 1353 1188 posco
1361 1149 1527 1188 patruelia.
1555 1150 1670 1184 Quam-

214 1187 317 1218 obrem
332 1191 419 1218 ortus
433 1198 472 1219 ex
486 1190 634 1228 sanguine
653 1191 810 1231 Sisyphio,
825 1196 916 1232 atque
938 1193 987 1222 illi
1003 1193 1180 1223 simillimus
1190 1191 1268 1222 dolis
1289 1194 1319 1221 et
1327 1191 1441 1229 furtis,
1454 1192 1604 1222 immiscet
1613 1192 1670 1222 AE-

213 1230 312 1260 acidis
327 1230 631 1271 nominaperegrinoe
647 1232 806 1265 nationis?
851 1235 902 1265 Au
916 1245 1002 1265 arma
1017 1235 1092 1265 mihi
1104 1234 1306 1264 submovenda
1317 1233 1390 1273 quia
1401 1234 1489 1273 prior
1504 1233 1615 1264 accessi
1629 1235 1670 1264 ad

213 1281 312 1309 arma,
327 1275 417 1312 atque
427 1274 509 1303 nullo
521 1274 620 1304 indice
635 1274 650 1306 ζ)
669 1276 771 1316 Atque
786 1276 837 1307 ille
849 1277 975 1316 dignior
987 1277 1154 1313 videbitur,
1167 1277 1218 1316 qui
1233 1276 1312 1315 cepit
1327 1275 1504 1316 novissima,
1515 1279 1605 1315 atque
1619 1275 1671 1307 ab·

211 1314 280 1345 uuit
290 1314 399 1346 bellum
410 1315 557 1347 simulata
573 1317 709 1359 insania,
721 1320 815 1357 donec
827 1320 969 1350 callidior
981 1321 1048 1359 illo,
1061 1321 1112 1350 sed
1127 1319 1185 1349 sibi
1200 1318 1354 1359 inutilior,
1369 1318 1558 1359 Naupliades
1565 1318 1670 1359 prodi-

821 1412 1057 1424 eeeeeeeeeeee

214 1476 297 1503 vett.
315 1473 434 1504 Heius.
453 1473 549 1504 dedit
567 1484 686 1511 causa;
709 1476 800 1515 vulg.
816 1480 1036 1508 causam—30
1059 1476 1129 1507 Alii
1155 1487 1214 1507 non
1240 1476 1283 1506 sit
1301 1479 1491 1507 comm—31
1516 1477 1671 1509 Quatuor

215 1514 470 1555 librifurtoque:
505 1517 592 1547 0.et
612 1516 704 1553 furto
721 1521 750 1548 et
769 1517 897 1558 fraude,
913 1519 1002 1559 quod
1034 1519 1241 1559 praeferebat
1268 1519 1471 1549 Heius-33
1497 1519 1612 1550 Inserit
1627 1528 1668 1549 ex

215 1562 359 1598 utroque
375 1557 506 1588 Erfurt.
524 1559 609 1589 Exc.
637 1560 813 1599 Langerm.
840 1571 923 1591 unus
950 1562 1047 1592 Voss.
1069 1566 1103 1591 et
1131 1561 1282 1591 Heinsii:
1319 1561 1419 1600 vulgo
1437 1561 1565 1592 luseris.
1586 1560 1672 1592 Post

216 1598 305 1630 hunc
323 1609 371 1629 vs.
392 1599 426 1629 in
450 1600 600 1631 Beroliu.
629 1602 755 1641 legitur
782 1603 872 1638 Quod
899 1613 957 1633 uon
979 1604 1031 1633 ille
1049 1603 1134 1640 facit
1156 1613 1214 1633 non
1237 1602 1305 1633 reni
1331 1603 1369 1632 ad
1392 1603 1470 1633 bella
1496 1606 1669 1634 coactus.—

217 1644 257 1671 35
283 1641 342 1671 Ille
359 1641 455 1671 dedit
473 1642 594 1673 Heius.
610 1652 651 1672 ex
670 1643 712 1673 O.
731 1649 810 1674 tert.
828 1645 923 1676 Med.
949 1651 984 1675 et
1008 1646 1123 1675 multis
1141 1646 1232 1681 aliis;
1263 1646 1354 1684 vulg.
1368 1645 1453 1675 illis:
1477 1645 1542 1675 duo
1557 1646 1670 1676 iste.—

217 1686 259 1713 36
282 1682 443 1714 Heidelb.
472 1684 813 1723 &tractavitque—37
852 1686 947 1716 Idem
977 1688 1082 1717 solert.
1110 1688 1259 1716 illa—38
1282 1687 1343 1717 Sed
1373 1696 1448 1716 cum
1480 1696 1545 1717 uno
1573 1687 1669 1717 Leid.

217 1725 337 1756 Heius.
374 1726 479 1765 legit3
510 1730 545 1756 et
571 1726 617 1756 sic
647 1727 794 1758 Berolin.
818 1728 906 1767 vulg.
934 1729 999 1758 Et.-
1026 1728 1069 1759 At
1095 1729 1197 1758 etiam
1228 1737 1294 1758 uon
1322 1728 1481 1768 displicet
1507 1728 1671 1760 Heius.—

882 1829 1022 1863 NOTAE

257 1915 295 1943 31
343 1913 472 1954 Frater]
536 1913 721 1953 Patruelis,
758 1915 912 1946 scilicet:

210 1961 334 1993 fratres
346 1973 493 2004 namque
505 1968 601 1994 erant
611 1964 772 1995 Telamon
791 1963 915 2004 Ajacis‚

213 2017 249 2043 et
265 2012 390 2044 Peleus
409 2013 550 2044 Achillis
563 2019 670 2054 pater.

257 2066 296 2093 33
322 2063 451 2103 Inserit]
493 2064 555 2094 llle
583 2074 663 2095 vero
691 2065 723 2094 in
752 2063 915 2095 familiam

971 1921 1054 1954 pore
1081 1910 1227 1949 avertit;
1253 1920 1320 1952 quo
1344 1913 1544 1951 argumento
1570 1908 1671 1941 facile

971 1964 1033 1994 viri
1059 1963 1250 1994 simulatam
1278 1971 1349 1993 esse
1371 1962 1534 1993 insaniam
1548 1962 1670 2002 depre-

970 2015 1111 2044 hensum
1127 2017 1190 2044 est.

1013 2067 1053 2094 38
1078 2063 1148 2094 Sibi
1163 2063 1320 2103 inutilior]
1346 2062 1491 2093 Solertia
1506 2062 1593 2093 enim
1610 2072 1671 2092 sua

212 2112 357 2153 aliquam
389 2114 544 2153 cooptari
576 2113 723 2153 videtur,
753 2114 810 2154 qui
842 2115 915 2154 ejus

214 2161 303 2192 bona
318 2164 464 2202 appetit.

257 2214 298 2241 34
322 2212 443 2251 Indice]
472 2213 587 2251 Ulyssi
601 2213 705 2244 tacite
719 2213 915 2253 exprobrat,

214 2261 305 2302 quod
335 2266 473 2292 coactus
504 2263 544 2291 ad
577 2263 700 2292 bellum
730 2263 914 2302 Trojanum

214 2310 358 2342 venerit.
416 2311 450 2341 Is
490 2311 592 2350 euim,
630 2316 665 2341 ut
703 2312 915 2352 scripserunt

213 2360 360 2400 Tragici,
377 2360 489 2390 uxoris
507 2370 619 2391 amore
643 2361 815 2400 detentus,
830 2362 915 2391 insa-

214 2410 279 2440 niae
297 2410 510 2440 simulatione
527 2411 632 2449 littus,
645 2410 766 2441 diversi
783 2412 915 2451 generis

206 2459 336 2498 junctis
367 2459 580 2497 animalibus,
605 2460 834 2500 proscindens,
865 2471 914 2491 sa-

216 2509 350 2549 lemque
367 2508 500 2547 frugum
525 2509 598 2540 loco
625 2519 800 2549 spargens,
828 2511 914 2541 mili-

215 2558 298 2589 tiam
308 2558 543 2598 subterfugere
556 2560 672 2589 voluit.
692 2561 777 2591 Quae
793 2561 914 2591 techna

215 2607 435 2639 Palamedem
472 2609 583 2654 lirum
616 2609 913 2648 prudentissimum

214 2667 427 2698 nequaquam
445 2658 566 2689 latuit:
592 2659 646 2699 qui
670 2660 807 2699 iusuper
823 2660 913 2691 dolo—

213 2718 287 2740 sum
305 2708 410 2738 virum
427 2708 458 2738 in
475 2710 541 2739 suis
556 2709 659 2749 ipsius
675 2710 771 2749 dolis,
786 2712 913 2741 vomeri

215 2757 251 2788 in
280 2757 407 2789 sulcum
438 2758 569 2798 objecto
599 2759 811 2798 Telemacho,
842 2770 913 2791 cor-

216 2805 334 2849 ripuit.
379 2807 443 2840 Ille
465 2808 554 2841 enim
569 2813 718 2851 aratrum
733 2819 754 2842 a
767 2809 827 2843 filii
843 2819 915 2843 cor·

970 2114 1128 2153 Ulyssem
1167 2117 1284 2143 contra
1317 2122 1353 2142 se
1389 2112 1535 2142 irritavit
1571 2111 1670 2142 Pala-

969 2164 1098 2202 medes,
1129 2162 1183 2203 qui
1215 2162 1304 2193 illius
1337 2162 1459 2192 deiude
1490 2161 1576 2192 dolis
1606 2162 1670 2192 hoc

969 2213 1069 2243 modo
1083 2212 1247 2242 sublatus.
1276 2211 1408 2242 Literas
1420 2211 1518 2242 finxit
1530 2212 1671 2251 Ulysses

968 2272 987 2291 a
1007 2262 1144 2291 Priamo
1161 2261 1203 2291 ad
1229 2260 1462 2299 Palamedem,
1487 2260 1609 2301 quibus
1626 2261 1670 2292 ob

968 2310 1156 2350 praestitam
1175 2319 1313 2349 operam
1337 2309 1415 2340 huic
1440 2309 1670 2341 transmissum

969 2361 1040 2391 auri
1072 2360 1202 2400 pondus
1231 2360 1538 2399 commemorabat;
1572 2360 1670 2391 illud-

970 2420 1035 2451 que
1047 2410 1133 2440 idem
1146 2410 1286 2450 Ulysses
1295 2419 1356 2450 per
1367 2419 1482 2440 servos
1491 2414 1669 2450 corruptos

971 2461 1005 2491 in
1031 2460 1226 2490 Palamedis
1264 2460 1412 2490 tentorio
1436 2459 1550 2490 defodi
1575 2469 1670 2491 cura-

971 2516 1079 2543 verat.
1126 2511 1276 2542 Perlatis
1307 2510 1350 2541 ad
1385 2510 1672 2549 Agamemnonem

970 2564 1088 2601 literis,
1115 2562 1316 2593 Palamedes
1334 2561 1532 2602 proditionis
1561 2563 1670 2602 argui-

970 2618 1035 2644 tur.
1092 2613 1144 2643 Ibi
1175 2618 1243 2644 tum
1274 2622 1331 2642 reo
1361 2611 1480 2642 adesse
1510 2611 1668 2643 simulans

970 2665 1108 2704 Ulysses
1137 2663 1223 2694 hosti
1250 2662 1350 2692 fidem
1382 2672 1448 2692 non
1478 2661 1668 2693 habendam

968 2723 1042 2744 esse
1065 2713 1253 2751 contendit,
1269 2712 1383 2752 reipsa
1396 2710 1550 2744 fraudem
1571 2721 1668 2752 posse

968 2763 1107 2803 coargui
1122 2761 1288 2803 siquidem
1305 2771 1421 2793 aurum
1436 2761 1563 2792 nullum
1576 2761 1667 2802 apud

968 2813 1188 2846 Palamedem
1203 2812 1424 2853 inveniretur,
1445 2813 1511 2847 διε.
1569 2811 1667 2846 Missi
