1831 3023
232 218 249 257 1
259 215 343 258 ‘218

233 321 296 362 Ut
315 334 392 375 per
411 335 481 362 me
503 334 677 375 sospes,
698 323 791 363 sine
813 336 896 372 me,
919 323 992 363 det
1008 322 1144 362 lintea
1169 319 1327 368 ventis,

716 228 756 257 P.
788 227 945 257 OVIDII
981 225 1192 265 NASONIS

1628 318 1685 358 40

231 389 396 442 Virque
418 391 474 431 sit
495 390 669 430 alterius
686 403 696 440 3
727 404 873 444 poenae
897 389 1057 429 Medea
1077 388 1292 440 relinquar
1305 386 1324 425 'l

232 457 280 497 Si
301 457 443 498 faeere
462 458 559 507 hoc,
580 458 764 497 aliamve
784 460 928 508 potest
949 467 1207 506 praeponere
1230 453 1369 501 nobiS‚

234 522 422 564 Occidat
441 524 652 575 ingratus.

713 522 800 561 Sed
820 533 905 560 non
925 520 963 559 is
984 521 1129 560 vultus
1151 521 1195 560 in
1215 520 1311 569 illo,

233 589 337 630 Non
356 603 409 630 ea
428 590 636 630 nobilitas
658 588 803 629 animo
822 591 903 636 est,
927 599 980 626 ea
1007 587 1145 637 gratia
1164 588 1332 636 formae,

235 656 297 697 Ut
317 657 490 697 timeam
510 655 722 705 fraudem,
743 654 971 705 meritique
993 652 1157 693 oblivia
1175 654 1324 695 nostri.

233 723 293 763 Et
314 723 435 763 dabit
458 727 556 763 ante
577 722 709 762 fidem
727 735 735 761 ε
767 731 1013 771 cogamque
1034 719 1077 758 in
1097 718 1268 760 foedera
1285 723 1419 761 testes

236 789 348 830 Esse
369 790 509 830 Deos.

571 788 690 838 Quid
711 792 805 827 tuta
828 786 985 826 times?
1019 786 1245 838 accingere
1266 800 1276 837 3
1309 791 1353 828 et
1374 800 1543 828 omnem

234 857 356 898 Pelle
375 869 556 896 moram.
617 853 718 894 Tibi
733 866 789 894 se
812 865 982 905 semper
1003 852 1179 892 debebit
1201 852 1351 904 Iason,

233 924 297 964 Te
318 924 415 964 face
435 922 601 962 solenni
616 922 766 974 jung-et
786 920 869 961 sibi
887 934 896 961 ε
927 933 1090 974 perque
1113 920 1326 973 Pelasgas

236 990 463 1030 Servatrix
487 990 617 1028 urbes
638 993 825 1028 matrum
847 989 1117 1029 celebrabere
1137 989 1273 1028 turba.

1635 988 1692 1029 50

233 1057 349 1110 Ergo
370 1069 452 1109 ego
472 1069 730 1108 germanam,
751 1055 1027 1109 fratremque,
1049 1060 1322 1109 patremque,
1346 1055 1566 1108 Deosque,

234 1124 290 1165 Et
309 1124 448 1165 natale
471 1123 626 1171 solum,
650 1124 786 1163 ventis
809 1123 971 1171 ablata,
994 1122 1267 1175 relinquam?

235 1191 410 1243 Nempe
432 1196 560 1243 pater
581 1203 743 1240 saevus,
765 1202 921 1242 nempe
942 1193 1005 1229 est
1022 1201 1118 1228 mea
1139 1189 1327 1229 barbara
1347 1189 1488 1240 tellus,

236 1258 388 1298 Frater
407 1257 547 1297 adhue
569 1257 712 1297 infans
731 1270 738 1298 :
772 1261 891 1297 stant
911 1267 1085 1296 mecum
1105 1259 1210 1296 vota
1231 1257 1407 1296 sororis.

232 1368 279 1388 me
293 1357 393 1387 salvus
408 1358 471 1387 tela
488 1358 594 1387 tradat
608 1357 707 1388 ventis
721 1357 786 1387 sine
803 1366 861 1395 me,
878 1358 908 1387 et
921 1357 965 1386 sit
982 1356 1113 1386 maritas
1128 1356 1268 1392 alterius,
1286 1365 1350 1395 ego
1368 1356 1483 1387 Medea
1497 1356 1606 1387 tradar
1620 1365 1692 1397 sup-

230 1397 351 1440 plicio?
396 1399 555 1438 Siquidem
571 1402 670 1438 potest
686 1400 769 1429 istud
783 1402 947 1438 proestare,
965 1399 1011 1428 rel
1024 1397 1174 1437 prceferre
1190 1398 1278 1428 nobis
1292 1399 1399 1437 aliam,
1415 1399 1559 1437 ingratus
1571 1401 1692 1439 pereat.

240 1443 353 1473 Verum
366 1451 423 1472 non
440 1451 474 1472 ea
489 1444 532 1471 est
549 1441 753 1479 illiusfacies,
776 1451 833 1471 non
851 1451 885 1471 ea
898 1441 1094 1479 generositas
1110 1441 1141 1470 in
1158 1440 1294 1480 ingenio,
1319 1444 1372 1471 aut
1389 1441 1543 1479 elegantia
1558 1441 1695 1480 pulchri-

234 1485 364 1523 tudinis,
390 1488 423 1514 ut
440 1487 571 1514 metuam
588 1485 700 1522 dolam,
727 1487 755 1513 et
771 1486 955 1513 contemtum
982 1483 1079 1512 nostri
1104 1483 1255 1522 beneficii.
1302 1484 1405 1522 Atque
1421 1484 1509 1522 prius
1524 1482 1694 1523 obstringet

224 1528 345 1568 fidem:
369 1530 399 1557 et
416 1526 521 1556 vocabo
539 1527 622 1557 Deos
636 1529 728 1556 testes
743 1527 782 1556 ad
799 1525 931 1563 soedera.
980 1525 1063 1559 Quid
1080 1525 1190 1555 metuis
1205 1535 1271 1555 cum
1287 1526 1329 1555 sis
1345 1523 1454 1556 certa?
1498 1526 1696 1564 Aggredere,

235 1574 264 1600 et
281 1568 421 1599 submove
436 1579 551 1599 omnem
567 1569 800 1598 cunctationem.
845 1569 941 1598 Jason
968 1567 1091 1597 debebit
1111 1577 1142 1597 se
1165 1577 1284 1607 semper
1308 1568 1378 1606 tibi,
1403 1570 1434 1598 te
1457 1567 1516 1598 sibi
1546 1568 1695 1607 adjunget

234 1613 317 1642 taeda
332 1611 460 1649 solenni,
483 1615 513 1640 et
529 1611 702 1641 cantaberis
717 1621 735 1640 a
755 1610 864 1650 populo
886 1619 942 1650 per
966 1609 1055 1640 urbes
1073 1610 1203 1639 Groecas
1229 1611 1387 1640 sem-utrix
1413 1613 1558 1641 matrum.
1605 1611 1696 1649 Ergo

234 1664 290 1693 ego
305 1654 442 1684 deseram
462 1663 607 1689 sororem,
624 1656 653 1682 et
672 1652 821 1690 fratrem,
844 1655 874 1682 et
899 1655 1033 1692 patrem,
1059 1655 1088 1682 et
1115 1652 1212 1690 Deos,
1239 1656 1270 1682 et
1294 1656 1411 1682 terram
1436 1654 1572 1692 patriam
1587 1656 1694 1683 avecta

236 1694 360 1727 centis?
405 1695 527 1726 Scilicet
546 1696 671 1734 genitor
687 1698 730 1725 est
747 1693 907 1734 terribilis,
932 1694 1050 1724 scilicet
1066 1704 1131 1724 mea
1148 1697 1233 1724 terra
1250 1697 1294 1725 est
1311 1694 1454 1735 barbara,
1472 1694 1581 1732 frater
1595 1695 1695 1726 adhuc

848 1778 1084 1790 eeeeeeeeeeee

238 1832 339 1864 etiam
358 1842 453 1872 regna
469 1835 691 1872 paterna.-—4l
718 1831 814 1863 Idem
839 1832 922 1863 Cod.
953 1833 1055 1872 thue
1070 1832 1208 1863 sit-42
1233 1831 1383 1863 Berolin.
1400 1832 1630 1863 aliamne.—43
1653 1832 1697 1863 V.

238 1881 272 1906 et
289 1884 372 1906 unus
394 1875 507 1906 Heius.
530 1875 665 1906 Decidat
682 1875 767 1914 ingr.
784 1874 944 1906 Heidelb.
970 1873 1020 1905 illo
1036 1877 1181 1905 est—44
1207 1873 1250 1906 Ο.
1267 1880 1301 1905 et
1317 1879 1463 1916 quatuor
1478 1875 1534 1905 alii
1551 1884 1586 1905 ea
1603 1874 1699 1906 mobi-

236 1919 320 1948 litas.
359 1917 480 1948 Heius.
510 1918 583 1948 vult
614 1921 700 1955 grat.
738 1920 954 1948 morum—*46
987 1917 1085 1948 Leia.
1122 1917 1155 1948 in
1186 1917 1405 1955 foedere-47
1436 1917 1517 1948 Lov.
1554 1922 1589 1948 et
1615 1917 1696 1948 Bas.

236 1961 334 1991 stulta
359 1960 547 1991 times—48
574 1961 611 1991 R.
636 1970 730 2000 semp.
756 1959 1003 2000 proebebit.—50
1027 1960 1107 1990 Bas.
1134 1964 1169 1990 et
1196 1969 1246 1999 pr.
1272 1959 1366 1990 Med.
1399 1959 1506 1991 celebr.
1538 1963 1698 1990 turma.—

238 2005 277 2032 53
302 2002 423 2034 Plures
439 2005 482 2034 est
499 2002 586 2034 mihi.
632 2002 777 2034 Quidam
793 2001 830 2032 τὸ
845 2005 891 2033 est
905 2011 972 2033 non
995 2002 1133 2034 habent.
1158 2001 1252 2032 Unus
1269 2002 1349 2032 Bas.
1368 2004 1399 2032 et
1412 2005 1576 2033 mem—54
1600 2000 1697 2043 Med.

898 2106 1037 2138 NOTAE

283 2184 321 2212 41
360 2181 482 2221 Poeuae]
519 2181 628 2214 Quam
666 2180 805 2222 perfidae
842 2184 941 2222 pater

238 2231 338 2264 AEeta
355 2230 495 2271 infliget.

1043 2181 1247 2221 Germanum]
1268 2180 1572 2222 Chalciopen,quae
1590 2180 1700 2222 Phry·

995 2240 1039 2261 xo
1059 2235 1233 2270 nupserat.

279 2284 321 2312 49
344 2280 441 2320 Face]
466 2281 604 2321 Nuptiis
619 2279 709 2311 faces
723 2279 875 2311 adhiberi
890 2290 940 2311 so-

238 2331 317 2362 litas
332 2331 456 2371 saepius
469 2331 541 2371 jam
555 2330 797 2362 admonuimus.

281 2382 445 2422 Pelasgas]
483 2382 644 2419 Graecas;
685 2381 816 2422 antiqui
852 2382 940 2412 enim

237 2433 374 2465 fuerunt
410 2434 554 2464 Graeciae
583 2433 697 2474 populi
722 2433 778 2474 qui
804 2433 942 2473 Pelasgi

239 2485 322 2515 dicti
339 2490 428 2523 sunt,
441 2483 634 2523 errabundi,
651 2493 669 2513 a
686 2483 829 2523 Pelasgo
845 2484 942 2515 Jovis

238 2533 308 2565 filio
323 2534 490 2564 nonnullis
515 2534 736 2572 denominati,
753 2534 809 2574 qui
825 2539 860 2563 et
877 2533 941 2563 Pe-

237 2583 354 2624 lasgiae
384 2584 568 2624 provinciae
597 2583 683 2615 infra
704 2583 941 2615 Macedoniam

240 2643 363 2665 nomeu
380 2633 561 2665 dederunt.

283 2686 323 2714 51
364 2684 452 2723 Ergo
478 2684 549 2723 ego]
581 2683 735 2726 Seipsam
763 2685 941 2727 increpat;

244 2733 333 2776 quod
347 2735 464 2766 statim
479 2734 636 2767 mutabit.

1040 2280 1202 2320 Fratrem]
1227 2280 1427 2320 Absyrtum.

1039 2333 1079 2361 53
1119 2330 1254 2370 Nempe]
1290 2331 1379 2362 luud
1410 2335 1461 2362 est
1487 2331 1576 2372 quod
1604 2331 1696 2364 dixi:

996 2390 1109 2412 amore
1124 2381 1238 2411 statim
1256 2381 1434 2412 immutata
1450 2387 1503 2413 est
1517 2381 1655 2413 Medea.

1038 2434 1079 2461 54
1103 2430 1239 2470 Sor-oris]
1267 2432 1351 2463 Quae
1368 2431 1410 2462 de
1427 2431 1573 2462 filiorum
1588 2431 1698 2463 salute

997 2482 1111 2520 anxia,
1139 2492 1220 2522 quos
1248 2482 1455 2521 Argonautae
1481 2481 1698 2522 naufragium

997 2540 1112 2571 passos
1139 2541 1212 2561 cun)
1242 2532 1274 2561 in
1304 2531 1473 2562 Graeciam
1504 2531 1699 2571 patrimonii

996 2581 1175 2621 repetendi
1205 2591 1307 2612 causa
1335 2581 1549 2622 navigarent,
1578 2591 1701 2622 oppor-

998 2635 1080 2662 tune
1105 2637 1338 2671 servaverant,
1361 2631 1496 2662 Medeae
1517 2632 1640 2663 sororis
1663 2641 1698 2662 o-

997 2689 1075 2721 pem
1092 2681 1305 2721 implorabat.
1349 2681 1464 2722 Atque
1487 2681 1572 2713 adeo
1595 2681 1699 2713 ratio-

999 2738 1059 2760 nes
1075 2739 1191 2762 omnes
1216 2730 1367 2762 dissolvit
1392 2730 1530 2772 Medea,
1545 2740 1622 2773 quae
1637 2740 1697 2763 suo
