1831 3023
522 240 989 272 METAMORPHOSEON
1023 241 1120 271 Lm.
1153 241 1225 271 Χι.
1492 234 1606 276 1513

151 337 260 388 Ilus,
281 340 325 379 et
344 336 609 385 Assaracus,
629 339 868 389 raptusque
888 336 918 378 J
922 337 995 378 ovi
1017 335 1314 390 Ganymedes,

153 404 492 458 Laomedonque
513 415 664 452 senex,
686 402 977 457 Priamusque
995 403 1238 444 novissima
1257 401 1405 456 Trojae

151 471 371 525 Tempora
390 472 582 512 sortitus.
644 469 799 510 Frater
818 471 901 511 suit
925 470 1137 511 Hectoris
1159 470 1238 510 iste
1257 483 1266 510 ε

152 535 260 587 Qui,
284 539 365 578 nisi
388 537 592 578 sensisset
613 536 756 589 prima
778 549 892 577 nova
912 537 1003 578 fata
1019 538 1215 591 juventa,

153 604 352 645 Forsitan
373 604 548 644 inferius
568 615 652 642 non
677 602 870 643 Hectore
894 616 1048 644 nomen
1072 603 1275 644 haberet:
1520 601 1607 643 760

153 669 370 720 Quamvis
391 676 459 711 est
479 670 599 710 illum
619 670 763 724 proles
779 672 913 711 enixa
936 671 1190 723 Dymantis.

152 738 350 779 AEsacon
370 739 578 778 umbrosa
597 737 741 778 furtim
762 739 986 792 peperisse
1004 739 1084 778 sub
1108 738 1189 778 Ida

153 804 305 845 Fertur
322 803 578 854 Alexirhoe,
601 804 798 846 Granico
817 810 919 846 nata
938 806 1119 846 bicorni.

152 870 318 912 Oderat
337 870 408 911 hic
431 871 562 911 urbes
622 871 845 925 nitidaque
865 878 1057 912 remotus
1079 873 1134 912 ab
1155 872 1257 913 aula

151 937 352 979 Secretos
372 942 556 986 montes,
579 943 622 979 et
646 939 929 980 inambitiosa
947 939 1124 980 colebat
1524 939 1610 982 765

152 1004 301 1046 Rura:
333 1018 412 1045 nec
435 1004 600 1045 Iliacos
622 1012 784 1056 coetus,
806 1007 893 1046 nisi
916 1020 1053 1057 rarus,
1075 1007 1243 1048 adibat.

153 1071 259 1112 Non
280 1075 445 1125 agreste
466 1076 624 1123 tamen,
646 1087 724 1114 nec
746 1074 1088 1127 inexpugnabile
1111 1075 1263 1116 Amori

152 1139 322 1180 Pectus
343 1140 521 1189 habens,
546 1140 694 1193 sylvas
716 1146 939 1194 captatam
959 1154 1080 1195 saepe
1103 1155 1179 1195 per
1201 1154 1353 1182 omnes

151 1205 331 1260 Aspicit
354 1207 601 1260 Hesperien
621 1209 766 1262 patria
789 1208 1033 1250 Cebrenida
1055 1211 1168 1262 ripa,

153 1273 343 1327 Injectos
362 1275 552 1315 humeris
573 1277 815 1316 siccantem
836 1277 928 1317 sole
950 1277 1144 1330 capillos,
1527 1273 1612 1316 770

151 1384 232 1422 Ilus,
249 1387 279 1414 et
296 1386 478 1423 Assaracus,
495 1389 524 1416 et
543 1386 738 1426 Ganymedes
752 1387 890 1417 sublatas
905 1397 924 1416 a
939 1387 1029 1423 Jore,
1044 1389 1074 1416 et
1090 1396 1185 1416 senex
1200 1385 1388 1422 Laomedon,
1405 1387 1434 1414 et
1453 1384 1613 1422 Priamus,

150 1427 280 1456 ultimus
297 1437 353 1456 rea·
371 1427 472 1465 Trojoe
495 1438 551 1467 per
569 1428 654 1465 fata.
702 1429 766 1458 Iste
780 1428 849 1465 suit
873 1437 994 1458 consors
1022 1427 1191 1462 Hectoris;
1213 1427 1265 1467 qui
1291 1427 1352 1456 nisi
1367 1429 1514 1465 expertus
1535 1429 1613 1456 esset

149 1471 263 1498 sortem
279 1469 452 1499 inauditam
462 1471 564 1509 prima
578 1470 754 1508 juventute,
776 1470 865 1507 forte
881 1480 939 1500 non
953 1475 1130 1500 consecutus
1141 1472 1218 1499 esset
1229 1470 1374 1499 minorem
1384 1467 1506 1505 famam
1522 1477 1613 1508 quam

152 1511 283 1549 Hector,
309 1521 480 1551 quanquam
493 1512 571 1553 filia
598 1513 769 1552 Dymantis
794 1513 879 1543 illum
901 1512 1034 1553 peperit.
1058 1512 1228 1543 Alexirho'e'
1240 1511 1316 1552 filia
1332 1511 1464 1541 bicornis
1480 1509 1615 1541 Granici.

149 1552 267 1584 dicitur
281 1554 414 1584 AEsacon
430 1555 523 1584 enixa
538 1554 656 1591 furtim
671 1555 726 1585 sub
743 1556 801 1585 Ida
817 1565 922 1595 opaca.
970 1555 1035 1585 Hic
1051 1556 1118 1586 odio
1140 1553 1380 1594 persequebatur
1401 1554 1500 1591 urbes,
1523 1555 1615 1593 atque

149 1595 278 1627 dissitus
291 1606 309 1626 a
321 1597 481 1636 splendida
497 1597 583 1636 regia
599 1597 781 1637 sequebatur
796 1601 926 1628 remotos
936 1601 1064 1636 montes,
1080 1601 1109 1628 et
1123 1607 1245 1636 campos
1254 1596 1291 1627 ab
1303 1596 1469 1627 ambitione
1480 1595 1596 1626 alienos
1603 1604 1616 1632 ;

151 1648 247 1679 neque
261 1638 423 1670 accedebat
431 1639 582 1679 frequens
597 1641 637 1670 ad
646 1640 753 1670 turbas
764 1640 926 1678 Trojanas.
962 1641 1031 1670 Non
1042 1650 1154 1680 gerens
1166 1642 1268 1669 tamen
1279 1649 1331 1670 cor
1348 1639 1509 1678 rusticum,
1519 1647 1615 1678 neque

151 1682 261 1714 Amori·
277 1682 477 1720 inaccessum,
491 1682 573 1712 ridet
590 1682 766 1722 Hesperien
784 1682 1029 1723 Cebrenifiliam
1042 1682 1205 1722 quaesitam
1220 1691 1302 1722 soepe
1315 1691 1370 1720 per
1383 1690 1486 1711 omnes
1498 1681 1615 1721 syleas,

152 1733 220 1764 quoe
234 1724 408 1754 exsiccabat
423 1725 464 1754 ad
479 1724 579 1754 Solem
594 1734 711 1755 comam
721 1734 860 1765 sparsam
871 1734 928 1764 per
943 1725 1083 1755 hunneros
1098 1724 1130 1755 in
1145 1724 1214 1764 ripa
1227 1723 1344 1764 patria.
1391 1723 1538 1763 Nympha
1550 1722 1616 1752 cisa

766 1796 1003 1808 eeeeeeeeeeee

152 1844 244 1871 tunt.-
268 1845 303 1872 et
320 1841 407 1872 Maz.
421 1840 485 1879 ejus
497 1842 686 1881 wige-759
708 1843 742 1872 S.
755 1842 866 1872 Marci
882 1843 940 1872 Cui
955 1842 1017 1873 nisi
1027 1842 1187 1877 cessissem
1209 1840 1298 1871 unde
1313 1839 1434 1870 Heius.
1450 1838 1537 1878 conj.
1556 1838 1617 1870 Cui

152 1884 215 1914 nisi
240 1884 418 1914 cessissent:
450 1894 533 1914 unus
561 1884 677 1915 Heius.
698 1885 762 1919 Qui
777 1885 837 1915 nisi
860 1885 1039 1920 suffusi-«sem
1069 1884 1163 1915 Med.
1185 1884 1479 1923 mmmmm—762
1494 1880 1618 1913 Heins-

153 1927 240 1967 conj.
256 1928 360 1957 ἅζεαι.
376 1926 695 1963 undosasart.—763
721 1927 893 1958 Plauudes
910 1926 1031 1958 suadet
1045 1926 1211 1958 Alioeotho'e
1227 1924 1444 1956 scribendum
1459 1935 1465 1955 :
1484 1924 1540 1954 alii
1557 1923 1616 1954 ali-

154 1969 611 2006 ter3A1izotho'21'Anximoe:
635 1975 785 2000 nostram
814 1971 894 2001 lect.
912 1970 1031 2001 Heius.
1055 1969 1164 2007 dedit,
1181 1969 1237 2009 qui
1262 1972 1298 1998 et
1326 1968 1416 2007 conj.
1444 1966 1618 1997 Alirrhoti'e'

155 2012 208 2042 vel
227 2011 385 2042 Alexim-e.
412 2011 545 2042 Deinde
561 2021 622 2051 pro
640 2012 728 2052 vulg.
743 2013 857 2050 gracili
869 2016 977 2043 conata
989 2011 1117 2050 bicorni,
1132 2011 1221 2052 quod
1239 2015 1290 2041 cst
1307 2010 1413 2049 nihili,
1428 2014 1507 2040 tert.
1522 2009 1616 2040 Med.

151 2053 292 2093 gmtali:
308 2062 390 2083 unus
411 2053 652 2091 Heins.graei1i
665 2065 674 2083 .-
691 2053 758 2084 duo
775 2055 1013 2094 alii,graciali:
1030 2054 1244 2085 scribendum
1260 2057 1376 2083 monet
1393 2052 1515 2083 Heius.
1534 2051 1618 2081 Gra-

154 2097 221 2126 nico
237 2098 311 2126 nata
326 2095 468 2130 bicorni,·
491 2105 567 2126 nam
581 2095 612 2126 in
627 2097 797 2127 nonnullis
814 2096 1160 2135 codicibris‚gracilico
1176 2098 1262 2125 nata.
1286 2095 1401 2126 Burin.
1418 2094 1466 2125 sic
1481 2093 1616 2124 emend.

153 2138 323 2170 Alexin-hoe*
352 2138 469 2176 Sagun·
495 2141 628 2176 cog-nata
653 2138 782 2177 bicorni,
804 2144 838 2170 et
865 2144 962 2179 putat
984 2138 1152 2177 Sagarium
1172 2138 1227 2168 vel
1243 2137 1391 2176 Sagarim
1406 2135 1545 2167 fluvium
1561 2135 1616 2166 hic

156 2181 278 2219 latere,
297 2180 354 2221 qui
371 2180 483 2211 dictus
499 2190 517 2210 a
532 2180 663 2220 Sagari,
692 2181 876 2222 Myndonis
897 2187 930 2212 et
942 2179 1142 2212 Alexirhoes
1157 2179 1239 2218 filio,
1265 2185 1299 2210 et
1314 2179 1370 2220 qui
1385 2179 1496 2219 potuit
1511 2177 1617 2208 filiam

155 2223 313 2254 habuisse
329 2233 372 2254 ex
389 2232 457 2253 suae
475 2223 592 2254 matris
608 2224 742 2254 nomine
759 2223 969 2254 Alexirhoe‘n
986 2223 1111 2254 dictam
1126 2233 1133 2253 :
1159 2227 1194 2253 et
1210 2221 1266 2252 ille
1284 2231 1365 2252 vero
1378 2221 1511 2252 bicornis
1526 2219 1616 2251 forte

157 2266 233 2306 qnia
249 2264 382 2295 duobus
399 2265 494 2295 ostiis
511 2265 543 2295 in
559 2275 650 2296 mare
667 2265 902 2297 exibat.—759
926 2266 965 2297 In
991 2265 1163 2305 Hesperien
1185 2265 1319 2295 variant
1342 2263 1450 2296 Codd.
1484 2263 1618 2303 Eperien

157 2308 291 2348 plurimi
309 2312 443 2338 veteres
462 2317 469 2337 z
495 2307 562 2347 alii,
581 2308 723 2348 Epirien,
740 2309 885 2349 Epir-een,
908 2309 1038 2349 Epiren,
1066 2307 1229 2348 Epirihen,
1249 2307 1421 2347 Hypericn,
1449 2305 1617 2346 Heperien,

159 2349 348 2391 Heperilien.
373 2350 524 2381 florent.
549 2351 583 2380 S.
612 2350 722 2382 Marci
748 2352 881 2392 Aspexit
909 2351 1145 2383 Perien.--770
1169 2351 1249 2381 Duo
1275 2349 1354 2380 libri
1383 2349 1514 2380 Innesos
1533 2348 1616 2378 hum.

199 2502 263 2530 757
289 2499 480 2541 Novissima]
510 2499 598 2531 Nam
616 2503 781 2539 regnante
792 2498 860 2542 {illo
914 2499 1005 2539 regis
1015 2498 1159 2530 eandem
1173 2498 1280 2529 voluit
1297 2495 1488 2538 Euripides.

160 2559 179 2580 a
196 2549 329 2580 Graecis
346 2548 499 2580 funditus
517 2549 644 2580 deleta.
957 2552 1019 2581 “103
1031 2548 1217 2588 Alexirho'e]
1236 2547 1394 2588 Nympha
1406 2544 1617 2583 fuit,Grani-

202 2603 266 2631 ⁷⁵8
292 2599 454 2640 Hectoris]
489 2599 556 2632 Qui
573 2598 775 2630 fortissimus
797 2597 862 2630 suit
915 2599 959 2639 ci,
973 2609 1015 2630 ex
1030 2599 1094 2630 lda
1111 2597 1270 2639 Phrygiae
1287 2600 1401 2626 monte
1419 2592 1617 2634 profluentis

162 2650 289 2681 Priami
301 2649 399 2680 filius.
914 2648 1021 2688 fluvii,
1032 2654 1126 2687 nata,
1143 2646 1251 2679 AEsaci
1267 2650 1388 2676 mater.

203 2703 263 2732 761
285 2700 410 2740 Proles]
427 2700 604 2732 Hecubam
621 2700 719 2739 dicit,
733 2700 861 2731 Priami
957 2704 1020 2733 769
1045 2697 1232 2736 Cebrenida]
1269 2696 1429 2735 Ceba-ni,
1458 2694 1616 2736 ignobilis

161 2761 310 2790 uxorem,
327 2751 506 2792 Dymantis
530 2750 645 2789 tiliam,
661 2756 697 2781 ut
723 2751 863 2791 scripsit
913 2751 1054 2784 Troadis
1068 2749 1180 2790 rivuli,
1196 2747 1308 2779 filiam.

164 2803 331 2835 Homerus
344 2812 352 2841 ;
373 2811 566 2844 quanquam
578 2801 684 2833 Cissei
693 2801 861 2834 'l‘lrracum
