1831 3023
491 214 960 252 MBTAMORPHOSEON
998 215 1092 245 LlB.
1126 216 1196 246 Xl.
1462 208 1569 250 [48],

367 453 487 495 FAB.
517 451 656 494 VIII.
719 453 954 497 Daedalion
975 456 1021 497 in
1042 454 1297 498 Volucrem.

111 564 264 605 Ρειευς,
278 562 385 596 fratre
400 562 516 594 Phoco
532 562 729 603 interemto,
745 563 905 605 profugus
919 565 1090 597 Trachina
1104 566 1146 597 ad
1164 566 1280 607 Ceyca
1301 563 1448 597 Luciferi
1464 564 1570 597 filium

153 618 189 649 in
204 617 388 659 hospitium
401 616 504 647 venit.
548 614 617 647 Hic
634 616 768 657 accepit
783 617 994 649 Daedalionis
1007 618 1109 650 filiam
1123 619 1274 651 Chionen
1292 619 1571 660 speciosissimam

152 669 276 702 fuisse:
311 670 398 701 hanc
424 679 443 700 a
459 669 633 701 Mercurio
659 678 720 709 per
744 670 894 710 quietem
918 680 1114 712 oppressam
1135 683 1142 702 :
1177 672 1257 703 item
1285 673 1328 703 ab
1355 671 1513 713 Apolline
1536 672 1572 703 in

153 732 254 755 anum
269 732 440 754 converso.
470 722 603 754 Horum
619 722 727 753 altero
743 721 951 763 Autolycum
968 722 1227 764 furacissimum‚
1239 725 1296 766 qni
1313 734 1354 756 ex
1371 724 1454 756 albis
1463 725 1573 765 nigra,

151 781 188 807 et
216 785 259 807 ex
286 775 390 816 nigris
416 774 493 806 alba
518 773 683 816 faciebat,
710 781 947 818 procreatum:
976 786 1018 808 ex
1043 777 1203 819 Apolline
1227 778 1311 809 item
1337 778 1573 809 Philammona

150 828 432 860 studiosissimum
445 828 594 860 citharae.
639 830 739 861 Hanc
755 831 858 861 etiarn
874 831 1092 872 gloriantem,
1103 831 1192 872 quod
1209 841 1286 862 cum
1303 831 1429 862 talibus
1445 839 1569 861 concu-

149 881 279 913 buisset
296 882 394 921 Deis,
417 882 538 913 Dianae
556 883 805 923 pulchritudini
830 893 865 915 se
883 885 1085 925 praetulisse.
1131 884 1320 916 Confestim
1335 884 1451 924 itaque
1466 883 1572 921 illam,

150 939 189 966 ut
204 933 337 974 debuit,
364 945 542 976 procacem
563 937 634 978 ejus
650 937 799 978 linguam
825 938 950 978 sagitta
978 938 1150 977 incidisse,
1177 943 1278 978 atque
1302 946 1345 968 ex
1367 945 1408 967 eo
1433 935 1573 966 vulnere

148 986 330 1019 confestim
353 989 580 1021 interemtam.
642 991 719 1023 Qua
747 991 943 1022 calamitate
965 990 1160 1029 Daedalion,
1185 1000 1261 1021 cum
1284 999 1319 1021 se
1342 988 1461 1020 eodem
1488 996 1572 1028 rogo

149 1040 254 1071 vellet
267 1042 432 1082 consumi,
448 1051 558 1084 neque
571 1051 647 1074 eum
664 1043 808 1083 proximi
826 1047 1037 1084 paterentur,
1054 1048 1092 1074 ut
1108 1043 1217 1074 Furiis
1230 1043 1410 1074 instinctus
1423 1043 1572 1072 montem

149 1091 354 1124 Parnassum
380 1095 536 1135 petiisset
566 1099 600 1126 et
623 1105 658 1127 se
685 1096 950 1137 praecipitasset,
975 1100 1157 1137 antequam
1179 1095 1330 1127 radicem
1353 1093 1478 1126 montis
1493 1100 1572 1123 con-

149 1145 312 1188 tingeret,
329 1147 372 1178 ab
389 1147 548 1189 Apolline
563 1149 596 1180 in
612 1148 811 1190 accipitrem
828 1158 903 1180 esse
920 1157 1131 1180 conversum.

108 1233 290 1292 Fssmx
313 1256 357 1293 et
377 1256 499 1302 nato,
520 1253 627 1294 felix
648 1260 690 1294 et
711 1255 893 1308 conjuge
915 1253 1100 1304 Peleus3

106 1317 164 1358 Et
184 1319 274 1368 cui,
298 1320 336 1360 si
358 1319 512 1360 demas
527 1320 717 1372 jugulati
740 1321 923 1360 crimina
946 1319 1106 1367 Phoci,

107 1383 270 1425 Omnia
289 1386 578 1438 contigerant.
640 1385 850 1426 Fraterno
872 1385 1080 1436 sanguine
1106 1387 1290 1432 sontem,

104 1449 443 1506 Expulsumque
465 1451 596 1493 domo
614 1452 758 1506 patria
779 1450 1020 1492 Trachinia
1041 1450 1168 1491 tellus

105 1517 300 1573 Accipit.
362 1519 453 1560 Hic
475 1532 652 1572 regnum
675 1520 769 1559 sine
788 1519 847 1568 vi,
872 1519 967 1559 sine
989 1517 1130 1566 caede,
1152 1517 1335 1557 tenebat
1487 1515 1571 1557 270

105 1583 313 1626 Lucifero
334 1586 527 1638 genitore
549 1590 688 1635 satus,
712 1585 992 1639 patriumque
1014 1585 1197 1625 nitorem

107 1650 194 1693 Ore
215 1653 359 1693 ferens
379 1652 505 1707 Ceyx
523 1665 534 1702 ;
566 1652 642 1692 illo
664 1652 739 1704 qui
761 1655 961 1704 tempore
983 1654 1182 1699 moestus,

108 1717 437 1774 Dissimilisque
460 1720 544 1769 sui,
565 1720 745 1760 fratrem
766 1719 948 1771 lugebat
969 1717 1203 1758 ademtum.

150 1847 229 1870 viu.
254 1839 364 1869 Peleus
393 1842 423 1868 et
447 1837 643 1879 beatusfilio‚
668 1842 698 1870 et
725 1839 831 1870 beatus
846 1848 943 1870 uxore
956 1850 968 1876 ;
992 1841 1022 1869 et
1049 1837 1110 1874 cui,
1133 1838 1160 1868 εἰ
1182 1836 1272 1868 tollas
1283 1835 1451 1876 flagitium
1473 1836 1574 1868 Phoci

106 1881 246 1914 mactati.
262 1882 364 1911 omnia
391 1881 463 1912 bene
490 1885 653 1912 cesserant.
703 1882 798 1912 Terra
818 1881 987 1913 Trachinia
1012 1881 1128 1920 excipit
1145 1890 1228 1910 reum
1244 1879 1328 1910 necis
1336 1879 1506 1918 sruternoe,
1521 1882 1570 1910 ae-

105 1933 162 1964 que
182 1925 301 1955 etalem
325 1926 412 1954 domo
439 1925 556 1963 patria.
604 1924 693 1964 Ceyx
714 1925 840 1964 genitus
867 1927 958 1964 patre
985 1923 1172 1963 Phosphoro,
1197 1925 1288 1962 atque
1316 1922 1403 1952 cultu
1433 1921 1571 1959 referens

104 1967 294 2007 splendorem
309 1970 471 2006 paternum
487 1966 536 1996 hic
548 1966 680 1997 hahebat
696 1967 858 2007 imperium
873 1968 938 1998 sine
962 1966 1005 2004 ti,
1020 1965 1086 1996 sine
1101 1967 1202 2000 caede,·
1225 1965 1277 2005 qui
1297 1974 1330 1994 eo
1345 1967 1481 2004 tempore
1499 1963 1574 1994 ἐνίε-

107 2009 163 2048 tie,
178 2012 271 2050 atque
286 2009 333 2039 sui
348 2008 454 2048 dispar
461 2009 564 2050 flebat
571 2008 711 2046 fratrem
726 2009 889 2040 sublatum.
937 2008 1005 2043 Quo
1020 2011 1181 2048 postquam
1197 2007 1344 2038 AEacides
1356 2008 1454 2037 lassus
1469 2006 1573 2038 solici-

722 2097 955 2108 ‘ceetomoeo

107 2156 170 2186 264
193 2153 277 2186 Tres
295 2153 414 2194 scripti
434 2153 649 2193 Exhibitaque
670 2153 869 2185 Thea—267
895 2152 1024 2184 Arund.
1041 2152 1221 2193 Langerm.
1238 2155 1273 2182 et
1288 2160 1372 2181 tinus
1389 2151 1468 2181 Bas.
1484 2150 1573 2183 crim.

107 2196 337 2226 fratria—270
360 2197 439 2227 Duo
455 2196 530 2226 libri
556 2197 710 2236 Excipit.-
732 2196 792 2227 hic.
838 2196 972 2227 Deinde
999 2194 1121 2226 tenebat
1148 2204 1225 2225 cum
1240 2193 1458 2232 melioribus;
1483 2195 1573 2235 vulg.

108 2238 355 2278 κρίναι-273
380 2238 474 2269 Unus
501 2238 595 2270 Med.
619 2246 656 2270 et
674 2244 752 2271 tert.
770 2239 902 2270 Bonon.
928 2239 1195 2278 Dbsimilemque,
1219 2236 1309 2278 quod
1326 2237 1444 2268 Burm.
1471 2241 1572 2277 putat

766 2335 910 2367 NOTAE

151 2418 212 2448 26¹1
233 2414 343 2455 Phoci]
359 2416 468 2446 Quem
487 2413 578 2444 AEaci
593 2413 697 2444 filium
710 2413 812 2446 fuisse
869 2415 1078 2455 regiuncula,
1103 2415 1137 2446 in
1161 2425 1228 2456 qua
1257 2414 1339 2445 urbs
1363 2413 1508 2445 Trachin
1528 2413 1573 2445 ab

109 2466 166 2498 lib.
185 2474 248 2496 vn.
273 2465 434 2501 vidimus;
470 2469 572 2506 atque
591 2464 688 2504 adeo,
709 2474 811 2506 quan·
869 2467 1021 2498 Hercule
1037 2466 1219 2498 aedificata.

108 2527 208 2560 quam
225 2517 290 2548 alia
305 2523 427 2552 matre.
448 2516 628 2546 Psamatbe
645 2516 813 2555 nimirum,
910 2520 971 2549 271
999 2517 1159 2557 Nitor-em]
1201 2515 1352 2548 Luciferi
1370 2516 1457 2547 enim
1473 2513 1572 2546 stella

110 2567 216 2600 Nerei
228 2567 310 2606 filia,
323 2567 419 2598 Pelei
431 2566 572 2597 fratrem
586 2577 659 2597 esse
671 2572 814 2599 constat.
869 2567 968 2598 valde
984 2568 1075 2598 clara
1091 2572 1144 2598 est
1160 2572 1195 2598 et
1213 2568 1360 2597 radians.

111 2619 228 2650 Savus
254 2617 316 2648 fnit
330 2629 339 2655 ς
378 2619 596 2658 quamobrem
633 2617 727 2648 disco
753 2628 814 2658 per
911 2620 973 2649 273
997 2616 1184 2656 Dissimilia]
1216 2617 1302 2647 Nan»
1321 2626 1390 2655 prae
1414 2625 1449 2646 se
1471 2619 1573 2645 antea

112 2667 320 2710 quinquenii
339 2667 452 2698 ludum
469 2678 489 2698 a
505 2667 610 2698 Peleo
627 2667 727 2698 matri
744 2677 813 2698 sum
867 2667 969 2699 animi
987 2667 1154 2708 quandam
1167 2667 1375 2697 hilaritatem
1387 2663 1478 2696 ferre
1492 2673 1571 2696 con·

113 2716 305 2760 gratificam
321 2718 461 2749 occisus.
868 2724 1039 2750 sueverat.

154 2771 219 2801 209
243 2767 424 2810 mhi-ie]
460 2769 545 2803 Quae
561 2767 743 2802 Thessalia
760 2773 812 2801 est
910 2768 1070 2809 Fratrem]
1137 2766 1386 2808 Daedauonem,
1427 2765 1571 2807 scilicet,
