1831 3023
190 92 304 135 1408
677 108 715 137 ν.
745 106 905 136 ovinu
939 104 1150 136 NAsoms

189 198 361 253 Perque
380 199 505 242 leves
523 201 730 255 populos,
752 200 1073 250 simulacraque
1091 197 1242 239 functa
1264 199 1498 253 sepulcris,

189 264 495 321 Persephonen
514 268 635 317 adiit,
656 269 965 317 inamoenaque
984 277 1115 317 regna
1134 268 1348 308 tenentem

188 332 450 375 Umbrarum
471 336 719 375 dominum:
750 332 977 384 pulsisque
998 332 1054 372 ad
1082 334 1277 374 carmina
1294 333 1440 375 nervis

188 401 264 443 Sic
284 403 344 442 ait
364 416 372 442 :
406 400 443 439 Ο
466 400 605 453 positi
627 399 708 438 sub
731 403 843 439 terra
864 400 1044 440 numina
1062 401 1228 450 mundi,

185 469 239 509 In
261 482 386 522 quem
408 466 642 506 recidimus
665 466 876 519 quicquid
896 468 1075 508 mortale
1096 481 1322 520 creamur;

185 536 234 576 Si
255 536 370 582 licet,
392 540 449 581 et,
470 532 571 572 falsi
595 533 752 585 positis
774 534 1033 586 ambagibus
1053 536 1154 585 oris,

182 601 302 642 Vera
321 600 439 652 loqui
460 600 602 639 sinitis
620 612 631 650 ;
664 612 751 639 non
770 599 869 649 huc,
891 605 939 641 ut
959 614 1104 654 opaca
1123 602 1314 643 viderem

183 667 382 715 Tartara,
405 665 639 716 descendi3
671 678 751 706 nec
773 667 839 706 uti
867 667 1023 708 villosa
1042 669 1235 710 colubris

181 734 323 774 Tema
343 732 560 774 Medusaei
582 733 794 773 vincirem
816 737 991 786 guttura
1011 736 1207 777 monstri.

183 800 333 842 Causa
352 800 438 840 viae
461 799 629 853 conjux
646 812 655 840 :
687 800 732 839 in
751 813 881 853 quam
903 801 1077 842 calcata
1096 815 1313 843 venenum

181 867 350 921 Vipera
371 866 567 917 diffudit3
601 870 934 920 crescentesque
957 869 1143 909 abstulit
1164 882 1313 910 annos.

181 934 322 975 Posse
342 935 433 987 pati
456 934 577 975 volui
595 947 604 974 :
635 946 716 974 nec
738 947 808 974 me
829 937 1020 975 tentasse
1041 935 1227 988 negabo.

179 1001 305 1043 Vicit
325 1001 477 1043 Amor.
538 1001 709 1054 Supera
733 1000 856 1041 Deus
877 1000 951 1041 hic
970 1001 1082 1041 bene
1101 1005 1229 1042 notus
1250 1002 1294 1042 in
1315 1014 1391 1042 ora
1410 1005 1490 1044 est.

179 1068 251 1109 An
272 1069 328 1110 sit
349 1073 392 1109 et
408 1069 494 1118 hic,
515 1067 695 1108 dubito:
729 1066 808 1108 sed
827 1070 870 1108 et
888 1066 962 1108 hic
981 1072 1128 1108 tamen
1149 1081 1334 1122 auguror
1353 1081 1466 1111 esse.

1585 267 1641 308 15

1579 937 1636 978 25

178 1218 279 1248 regem
299 1208 496 1248 Umbrarum,
509 1209 668 1239 habentem
684 1208 815 1248 imperia
831 1209 949 1246 tristia,
963 1219 1019 1250 per
1043 1208 1139 1240 exiles
1151 1208 1289 1248 populos,
1305 1211 1335 1238 et
1351 1206 1504 1247 imagines
1517 1208 1634 1248 potitus

178 1251 315 1287 ίιυηιιῑίε,
330 1254 420 1290 atque
442 1252 564 1280 chordis
585 1251 678 1281 tactis
704 1253 743 1281 ad
760 1261 864 1287 versus
878 1252 923 1282 sic
939 1252 1058 1291 inquit:
1086 1253 1114 1281 Ο
1138 1251 1198 1281 Dii
1214 1250 1319 1280 mnndi
1334 1251 1389 1280 sz'tz'
1412 1250 1467 1280 sub
1484 1254 1582 1291 terra,
1597 1251 1632 1282 in

175 1303 261 1333 quem
275 1293 439 1323 recidimus
463 1293 606 1332 quicquid
622 1294 818 1332 producimur
844 1294 938 1324 morti
961 1293 1146 1328 obnoxium;
1172 1293 1197 1322 si
1223 1293 1410 1330 conceditur,
1435 1295 1466 1322 et
1484 1294 1632 1332 patimini

176 1337 275 1366 «licere
290 1345 374 1373 vera,
389 1335 507 1364 omissis
525 1335 799 1376 rrnfractibztsficti
822 1336 894 1375 oris,
917 1345 976 1365 non
999 1336 1056 1365 huc
1081 1334 1222 1365 descendi
1238 1337 1273 1364 ut
1287 1343 1441 1364 cernerem
1457 1338 1527 1365 atra
1553 1335 1629 1366 Tar·

175 1381 258 1417 tara,
272 1387 369 1417 neque
382 1381 416 1407 ut
431 1377 671 1415 constringerem
686 1380 748 1407 tres
755 1376 864 1414 fauces
878 1377 1006 1408 monstri
1023 1377 1174 1407 Medusoei
1187 1376 1322 1416 hispidas
1332 1376 1492 1415 anguibus.
1541 1377 1631 1408 Uxor

176 1424 230 1450 est
244 1429 335 1450 causa
350 1420 484 1455 itineris,
508 1419 539 1449 in
555 1430 645 1459 quam
661 1419 767 1459 vipera
779 1429 885 1459 pressa
906 1419 1022 1459 sparsit
1037 1429 1195 1457 v,enenam
1216 1422 1305 1458 alque
1322 1419 1425 1458 rapuit
1440 1427 1535 1449 annos
1550 1421 1633 1451 veni-

175 1465 267 1493 entes.
316 1462 429 1501 Capiti
444 1471 528 1500 posse
544 1461 687 1500 sufferre,
703 1471 798 1501 neque
813 1462 965 1503 diffitebor
981 1471 1028 1492 me
1049 1465 1189 1491 conatum
1206 1470 1289 1491 esse:
1312 1460 1410 1491 Amor
1428 1461 1532 1500 potior
1549 1460 1628 1499 fuit.

176 1504 241 1535 Hic
257 1504 346 1535 Deus
368 1506 414 1534 est
430 1503 501 1534 bene
515 1507 606 1533 notus
623 1513 655 1533 m
670 1504 846 1542 regionibus
861 1505 998 1544 superis:
1022 1504 1120 1534 nescio
1136 1513 1174 1534 an
1190 1503 1232 1533 sit
1246 1503 1339 1533 etiam
1356 1503 1416 1543 hic,
1434 1504 1486 1533 sed
1500 1504 1628 1542 conjicio

782 1604 1014 1617 eeeeeeeeeeee

174 1677 205 1703 et
223 1671 334 1703 Stroz.
361 1671 445 1702 Mss.
467 1670 598 1711 recepit
620 1671 738 1702 Burm.
766 1679 827 1711 pro
846 1671 937 1710 vulg.
962 1670 1171 1702 occidit--H
1195 1670 1352 1711 Sepulcrz's
1377 1680 1419 1701 ex
1435 1670 1517 1702 Mss.
1534 1670 1629 1703 dedit

176 1715 294 1746 Heius.
319 1714 396 1745 oiim
413 1713 496 1744 editi
514 1714 744 1754 sepulcrm—15
770 1713 969 1753 Boxhornii‚
991 1717 1021 1744 et
1048 1714 1153 1744 inania
1169 1723 1275 1752 regna.
1322 1714 1366 1744 Et
1391 1713 1515 1754 passim
1536 1714 1629 1746 inane

174 1767 303 1796 regumn
319 1757 458 1787 Plutoni
487 1756 657 1787 tribuitur.
702 1757 796 1787 Unus
815 1757 996 1796 Langerni.
1021 1766 1117 1795 regna
1145 1759 1380 1786 tuentem—18
1402 1757 1498 1787 Unus
1524 1756 1563 1788 V.
1589 1758 1630 1788 In

174 1809 261 1839 quem
285 1799 474 1834 corruimus,-
498 1799 594 1829 mulii
620 1808 751 1838 quoque
776 1798 954 1829 decidimus.
1000 1799 1097 1830 Tunc
1114 1798 1267 1829 Berolin.
1294 1802 1384 1829 mort.
1410 1801 1627 1831 creatura—19

174 1841 320 1874 Quidam
338 1841 391 1872 Sic
407 1842 496 1871 licet:
519 1841 575 1871 alii
591 1841 718 1872 scilicet.
752 1841 872 1872 Heme.
886 1842 963 1871 olim
974 1842 1184 1881 conjecerat,
1198 1841 1225 1871 si
1240 1841 1344 1881 liquet,
1359 1841 1378 1871 i.
1395 1850 1424 1871 e.
1440 1841 1467 1871 si
1482 1846 1627 1873 constat.

174 1884 268 1914 Nihil
285 1884 479 1914 mutandum
495 1889 611 1914 censet
626 1884 830 1914 Burn1.--·22
855 1884 899 1915 Ο.
920 1884 1012 1914 Tetra
1029 1884 1115 1914 Mea.
1149 1884 1247 1914 Torva
1264 1893 1314 1923 pr.
1328 1883 1406 1913 Bas.
1424 1887 1459 1914 et
1474 1892 1533 1914 sex
1547 1883 1624 1922 alii,
1616 1894 1624 1901 ·

175 1926 273 1956 Trina
289 1926 373 1957 duo:
401 1927 499 1956 Cerea
515 1936 599 1956 unus
616 1926 709 1957 Med.
713 1929 796 1957 —23
820 1926 971 1956 Berolin.
985 1926 1043 1956 tioe
1057 1929 1113 1956 est.
1161 1925 1201 1956 In
1225 1925 1268 1955 Ο.
1285 1924 1386 1955 etiam
1402 1926 1476 1956 calc.
1491 1935 1626 1962 veneno,-

173 1972 208 1997 et
224 1967 256 1997 iu
272 1977 320 1998 vs.
339 1979 407 2009 seq.
423 1969 456 1998 in
473 1973 618 2008 quatuor
633 1978 688 2008 que
703 1969 892 2006 oniittitur3
916 1968 1005 1998 unde
1024 1967 1142 1998 Heius.
1168 1968 1200 1997 in
1225 1976 1325 2009 qaam,
1349 1967 1479 2005 calcata,
1500 1977 1623 2007 veneno,

178 2010 215 2040 V·
206 2019 302 2050 zpera,
318 2010 432 2051 dff¹⁸⁰
447 2014 614 2041 crescentes
628 2011 758 2041 abstulit
773 2020 874 2041 annos.
877 2012 959 2040 ——25
985 2010 1107 2040 Heius.
1125 2007 1263 2040 volebat
1275 2012 1342 2049 pat.
1360 2009 1440 2040 vovi.
1470 2010 1622 2042 Berolin.

823 2135 960 2167 NOTAE

171 2223 282 2251 vastus
297 2219 421 2259 hiatus,
437 2219 546 2260 gravis
570 2230 612 2251 ex
629 2230 669 2252 eo
686 2230 865 2261 erumpens

171 2270 266 2310 odor,
282 2270 446 2311 strepitus
471 2271 621 2311 insuper,
635 2271 864 2302 fabulantibus

171 2320 380 2352 occasionem
407 2320 503 2351 dedit
541 2320 691 2361 fingendi
726 2322 789 2352 hac
823 2321 865 2352 ad

169 2370 303 2402 Inferos
319 2374 439 2411 patere
457 2370 664 2402 descensum.

212 2423 252 2451 14
274 2420 385 2459 Leros]
410 2420 554 2451 Umbras
570 2421 652 2452 dicit
668 2430 726 2452 seu
743 2421 862 2452 Manes

167 2475 387 2510 mortuorum,
405 2471 460 2511 qui
483 2471 605 2502 exilem
628 2471 718 2503 Ditis
735 2472 861 2512 regiam

167 2521 399 2562 frequentant.

212 2574 250 2602 15
289 2570 515 2611 Persephonen]
559 2571 764 2612 Proserpina
795 2576 861 2610 est,

167 2620 361 2653 Inferorum
386 2621 512 2663 regina,
529 2621 617 2653 Ditis
632 2631 690 2653 seu
706 2622 861 2653 Plutonis

168 2671 303 2712 conjux.

963 2223 1003 2252 16
1030 2220 1215 2252 Umbrarum
1231 2219 1401 2260 dominum]
1424 2220 1620 2260 Plutonem,

919 2272 1061 2303 scilicet.

960 2324 1002 2352 22
1026 2321 1194 2362 Medusaei]
1219 2321 1405 2353 Cerberum
1421 2320 1614 2361 dicit,1nfe-

919 2381 1029 2402 rorum
1061 2381 1177 2402 canem
1216 2370 1416 2411 tricipitem,
1450 2369 1616 2410 anguibus

918 2423 1073 2454 viliorum
1089 2423 1163 2454 loco
1185 2421 1369 2460 horridum,
1387 2420 1547 2452 Echidnae
1571 2430 1615 2452 ex

917 2473 1081 2513 Typhone
1106 2471 1316 2512 progeniem,
1332 2481 1351 2502 a
1373 2469 1526 2502 Medusae
1542 2479 1616 2502 san-

917 2525 1018 2564 guine
1036 2528 1155 2554 ortam.

958 2576 999 2604 26
1037 2572 1171 2613 Supera]
1220 2571 1343 2613 Neque
1379 2572 1519 2613 insuper
1554 2574 1615 2603 aut

916 2624 1010 2655 Mars
1035 2628 1093 2654 aut
1115 2623 1188 2662 ipse
1210 2622 1349 2663 Jupiter
1365 2622 1543 2663 Cupidinis
1561 2632 1612 2654 sa-

916 2673 1019 2714 gittas
1035 2672 1184 2714 effugere
1200 2676 1398 2714 potuerunt.
