1831 3023
163 214 276 257 1334

648 226 691 255 P.
724 223 883 254 OVIDII
917 222 1129 253 NASONIS

161 320 333 362 Thesea
351 320 606 375 praecipue:
637 332 769 373 quem
789 318 909 359 facta
930 318 1080 358 audire
1100 317 1319 358 volentem

165 387 284 428 Mira
303 388 462 437 Deum,
483 388 614 428 nixus
637 387 784 427 cubito
807 385 1078 438 Calydonius
1101 385 1240 425 amnis

162 455 348 496 Talibus
370 455 635 508 alloquitur:
670 453 796 501 Sunt,
821 465 848 492 o
866 452 1115 503 fortissime,
1147 466 1330 506 quorum

164 522 325 563 Forma
347 523 479 562 semel
500 525 621 561 mota
642 523 724 568 est,
747 522 788 559 et
808 519 853 559 in
873 520 958 560 hoc
979 523 1258 562 renovamine.
1276 520 1450 561 mansit.

164 590 292 638 Sunt,
315 590 475 642 quibus
497 589 542 628 in
564 587 714 639 plures
736 586 812 639 jus
835 590 900 627 est
921 589 1101 629 transire
1119 589 1305 642 figuras:

1536 587 1622 628 7530

164 655 226 697 Ut
246 656 341 704 tibi,
364 655 587 708 complexi
606 658 765 695 terram
785 654 921 695 maris
945 655 1103 705 incola,
1130 656 1308 697 Proteu.

165 722 283 763 Nam
302 722 434 762 modo
456 727 496 762 te
510 721 738 775 juvenem,
760 721 892 762 modo
913 725 955 762 te
975 722 1122 763 videre
1143 724 1344 774 leonem3

165 789 298 831 Nunc
320 789 536 830 violentus
558 802 675 842 aper,
695 802 827 839 nunc,
851 802 984 843 quam
1004 791 1198 843 tetigisse
1216 792 1431 839 timerent,

164 857 336 910 Anguis
356 869 477 907 eras3
508 855 640 897 modo
660 859 703 896 te
722 856 942 896 faciebant
963 869 1126 898 cornua
1145 862 1326 898 taurum.

166 925 296 976 Saepe
314 923 427 976 lapis
447 925 639 975 poteras,
661 923 789 963 arbor
808 936 983 976 quoque
1004 936 1124 977 saepe
1139 924 1293 965 videri.

1540 923 1626 964 735

166 990 400 1040 Interdum,
420 990 578 1030 faciem
604 989 867 1043 liquidarum
890 991 1090 1031 imitatus
1113 1004 1338 1044 aquarum,

166 1057 348 1098 Flumen
369 1070 489 1098 eras:
520 1057 739 1097 interdum
759 1057 888 1097 undis
910 1058 1152 1098 contrarius
1173 1058 1296 1110 ignis.

167 1197 254 1228 quem
269 1188 443 1228 cupientem
453 1188 562 1219 audire
577 1188 725 1219 miracula
738 1198 756 1218 α
769 1187 845 1218 Diis
857 1186 1126 1227 emhibitafluvius
1142 1186 1330 1227 Calydonius
1344 1186 1443 1217 cubito
1455 1186 1631 1217 incumbens

167 1232 213 1261 ita
229 1230 349 1271 affatur
364 1243 374 1262 :
408 1230 501 1271 Sunt,
524 1241 541 1261 o
553 1240 711 1270 generose,
736 1241 861 1271 quorum
867 1230 980 1271 figura
995 1232 1116 1261 mutata
1142 1232 1187 1260 est
1210 1230 1312 1269 semel,
1339 1232 1428 1269 utque
1439 1229 1580 1270 perstitit
1597 1230 1631 1259 in

167 1274 224 1303 huc
239 1274 418 1304 mutatione.
463 1274 546 1305 Sunt
557 1274 664 1314 quibus
675 1277 720 1304 est
732 1276 871 1314 potestas
880 1273 1041 1303 concedere
1052 1273 1086 1302 in
1097 1273 1203 1313 plures
1209 1271 1334 1310 formas
1342 1283 1353 1309 ;
1376 1272 1627 1312 quemadmodum

168 1315 240 1353 tibi,
266 1316 392 1355 Protea,
416 1317 573 1348 habitator
599 1317 730 1357 oequorz's
756 1316 910 1356 cingentis
932 1316 1082 1346 tellurem.
1128 1316 1221 1346 Nunc
1245 1315 1325 1345 enim
1352 1318 1382 1345 te
1407 1317 1631 1355 conspexerunt

167 1357 331 1396 hominem,
348 1369 427 1389 nunc
443 1360 558 1390 leonem
571 1370 579 1389 :
593 1361 679 1390 modo
695 1369 764 1389 eras
777 1369 828 1389 sus
835 1359 942 1397 ferus,
957 1359 1044 1388 modo
1059 1367 1183 1397 serpens
1197 1368 1285 1397 quem
1297 1362 1467 1388 metuerent
1483 1360 1630 1396 tangere:

168 1401 346 1440 quandoque
363 1411 475 1432 cornua
491 1405 522 1431 te
537 1401 703 1443 fingebant
721 1404 854 1432 taurum.
899 1400 988 1440 Saepe
1008 1403 1133 1440 poteras
1153 1400 1284 1440 speciem
1299 1401 1426 1430 induere
1441 1399 1524 1436 saxi,
1549 1408 1631 1439 saepe

167 1442 262 1473 etiam
274 1443 404 1474 arboris.
454 1444 678 1483 Nonnunquam
693 1444 840 1474 simulans
853 1442 1138 1484 czeltwfluidurum
1150 1452 1300 1483 uquarum
1316 1442 1513 1483 erusfluvius
1522 1452 1534 1479 ;
1557 1451 1631 1472 non·

166 1494 321 1525 nunquam
337 1486 420 1525 ignis
434 1487 610 1517 contrarius
624 1486 724 1526 aquis.

782 1569 838 1579 ose-e
842 1569 1013 1579 eene-eaeo·

169 1623 274 1654 Deum
288 1623 322 1653 hi
337 1626 528 1655 sunt.—727
553 1624 652 1654 Cant.
668 1623 795 1654 innixus
815 1624 883 1654 cub.
896 1628 932 1654 et
949 1624 997 1654 sic
1015 1623 1179 1654 tredecim
1194 1623 1249 1654 alii
1264 1634 1271 1654 ε
1297 1622 1448 1654 nonnulli
1464 1622 1561 1662 nisus,
1575 1623 1629 1653 vel

168 1666 297 1696 innisus.
322 1666 362 1696 In
390 1665 520 1696 duobus
538 1665 670 1697 Ciofan.
695 1666 839 1696 Briantii
866 1669 903 1696 et
919 1666 1018 1696 Statii
1048 1666 1117 1697 Cal.
1143 1667 1348 1697 heros.——730
1372 1664 1526 1696 Berolin.
1549 1665 1630 1705 plur.

170 1708 228 1739 ris.
253 1708 348 1738 Unus
367 1707 464 1738 Med.
492 1712 527 1738 et
553 1708 634 1739 Bas.
660 1711 706 1738 est
723 1708 988 1739 transisse—731
1014 1708 1109 1739 Unus
1131 1709 1222 1739 Mor.
1249 1712 1285 1738 et
1300 1707 1449 1738 Beroiin.
1466 1707 1526 1737 tibi
1551 1717 1630 1737 com-

164 1750 268 1790 plexo.
292 1750 382 1781 Dein
415 1754 485 1780 tres
512 1752 732 1781 terras.——733
763 1751 864 1785 Quum
890 1760 941 1790 pr.
970 1749 1066 1781 Med.
1090 1754 1126 1781 et
1148 1750 1298 1790 Spirens.
1314 1750 1406 1790 vulg.
1426 1759 1525 1790 quem.
1551 1749 1633 1780 Hei-

169 1792 261 1824 delb.
276 1802 326 1833 ap.
340 1793 427 1824 modo
443 1796 473 1823 te
488 1795 653 1825 ten—734
678 1792 841 1825 Heidelb.
857 1803 933 1824 cum
949 1793 1145 1825 Genevens.
1173 1792 1280 1832 Tigris
1293 1795 1479 1825 eras—736
1495 1792 1629 1833 Fragm-

829 1889 969 1921 NOTAE

211 1967 273 1996 731
300 1966 475 2006 Complexz']
514 1966 603 1998 Nam
620 1970 710 1997 terra
724 1966 871 1998 omnium

169 2015 416 2047 elementorum
435 2016 560 2058 infima,
577 2028 678 2059 quani
703 2028 791 2059 aqua
806 2028 873 2049 arn-

168 2065 230 2097 bit.

213 2115 347 2155 Proteu]
392 2116 475 2147 Quis
504 2115 609 2147 fuerit
633 2116 780 2147 Proteus
808 2115 873 2146 iste

169 2163 313 2196 formam
351 2165 538 2197 identidem
567 2166 760 2204 immittam,
784 2165 871 2196 haud

168 2213 270 2246 facile
294 2219 347 2246 est
371 2215 515 2256 assequi.
567 2216 681 2246 Deum
706 2215 871 2245 marinum

169 2263 325 2305 Neptuni
352 2271 385 2295 et
412 2265 590 2295 Phoenices
614 2263 719 2295 filium
742 2262 872 2295 faciunt

169 2315 344 2353 nonnulli;
385 2315 441 2345 alii
471 2314 603 2346 Oceani
633 2319 670 2345 et
703 2314 872 2354 Tethyos;

171 2364 369 2396 Herodotus
383 2375 498 2406 regem
510 2365 594 2396 dicit
603 2364 704 2395 fuisse
716 2364 870 2405 AEgypss,

171 2415 229 2457 qui
244 2416 384 2456 Trojani
397 2415 478 2447 belli
493 2415 700 2455 temporibus
710 2414 872 2447 floruerit.

172 2465 335 2506 Quisquis
357 2466 413 2497 ille
432 2465 548 2505 fuerit,
564 2475 631 2496 non
646 2466 745 2496 modo
762 2465 872 2495 varias

172 2514 298 2547 formas
315 2517 475 2556 induisse,
488 2516 547 2547 sed
564 2516 639 2547 aliis
656 2516 736 2546 alias
753 2515 872 2546 indux-

171 2566 238 2597 isse
255 2567 401 2604 vidrtur⁹
413 2567 469 2608 qui
485 2567 528 2598 de
543 2567 616 2607 ejus
633 2567 872 2597 mutationibus

172 2617 397 2649 diversissima
428 2618 621 2658 prodidere.
676 2618 756 2648 Illas
794 2626 874 2647 non-

144 2700 147 2702 .
173 2669 257 2703 nulli
285 2670 373 2709 Deo,
395 2669 449 2709 qui
477 2669 621 2699 Proteus
646 2669 701 2707 sit,
726 2667 816 2698 idem
840 2668 873 2697 in

176 2720 276 2751 rebus
293 2718 541 2759 diversissimis,
567 2718 779 2750 attribuunt:
817 2717 875 2749 alii

928 1965 1093 2004 materiae,
1116 1974 1193 2006 quae
1218 1973 1279 2004 per
1294 1963 1404 1994 varias
1424 1962 1548 1994 formas
1564 1963 1630 1994 dis·

928 2016 1121 2055 tinguaturz
1147 2013 1280 2054 quidam
1304 2012 1508 2051 intellectui,
1523 2013 1580 2053 qui
1597 2013 1630 2043 in

927 2075 980 2096 res
993 2074 1107 2096 omnes
1123 2073 1204 2105 quas
1214 2063 1348 2103 cogitat
1362 2071 1436 2094 sese
1449 2062 1607 2094 immutet
1622 2073 1630 2101 ;

926 2116 982 2146 vel
1016 2115 1118 2146 etiam
1149 2113 1301 2152 veritati,
1330 2122 1406 2154 quae
1433 2112 1630 2154 priusquam

927 2164 1034 2205 qualis
1052 2169 1103 2194 est
1117 2163 1221 2194 menti
1233 2172 1308 2194 sese
1322 2161 1455 2202 offerat,
1468 2162 1570 2193 variis
1583 2163 1632 2194 1111

928 2213 1219 2254 phantasmatibus
1234 2212 1365 2244 illudat.
1392 2212 1556 2243 Proteum
1573 2213 1631 2244 de-

927 2264 1006 2295 inde
1028 2264 1166 2295 mimum
1194 2262 1470 2294 artificiosissime
1494 2263 1630 2304 quosvis

926 2314 1137 2352 imitantem3
1161 2313 1215 2344 vel
1234 2316 1371 2343 nautam
1392 2312 1503 2343 ventis
1526 2313 1632 2344 omni-

928 2365 990 2396 bus
1011 2369 1185 2403 utentem3
1219 2363 1423 2404 Sophistam‚
1451 2368 1632 2404 praetetea‚

927 2415 1179 2455 Philosophum,
1189 2414 1342 2454 Magum,
1351 2413 1534 2444 Politicum
1545 2422 1631 2453 prae-

927 2465 1040 2496 sertim
1059 2465 1158 2495 rebus
1174 2463 1328 2494 omnibus
1345 2472 1418 2493 sese
1440 2471 1630 2494 accommo-

928 2515 1077 2554 dantem,
1099 2514 1152 2545 hic
1177 2518 1236 2545 aut
1258 2514 1314 2544 ille
1337 2513 1566 2554 scripserunt:
1591 2519 1630 2545 ut

928 2567 1056 2597 Proteo
1087 2565 1337 2596 mutabiliorem
1365 2573 1440 2595 esse
1472 2567 1632 2604 oporteat

929 2618 985 2657 qui
1013 2617 1205 2646 innumeros
1226 2625 1307 2656 quos
1335 2624 1421 2647 unus
1445 2613 1564 2647 effecit
1584 2614 1630 2646 ad

927 2668 1039 2700 omnia
1053 2667 1136 2698 velit
1150 2665 1319 2699 comitari.
