1831 3023
350 618 424 673 P.
486 614 850 674 OVIDII
920 611 1406 673 NASONIS

248 856 1508 944 METAMORPHOSEON

666 1101 929 1152 LIBER
985 1102 1087 1149 IX.

408 1510 525 1550 FAB.
561 1509 596 1550 Ι.
679 1508 901 1550 Achelous
921 1508 964 1549 in
984 1509 1129 1550 varias
1153 1506 1354 1562 Figuras.

154 1622 344 1653 Densum
363 1620 464 1653 OEnei
480 1620 562 1659 filia,
578 1619 766 1653 AEtolarum
781 1620 876 1661 virgo
897 1619 1159 1661 speciosissima,
1172 1628 1248 1651 cum
1265 1629 1283 1651 a
1299 1619 1414 1651 multis
1427 1622 1615 1660 peteretur,

196 1681 294 1716 pater
307 1674 486 1707 constituit
502 1674 533 1706 ei
549 1674 710 1714 conjugio
727 1673 899 1712 daturum,
915 1673 972 1714 qui
989 1673 1142 1704 luctandi
1162 1682 1264 1704 causa
1280 1673 1425 1712 veniret,
1442 1673 1612 1704 vinceret-

196 1738 276 1768 que.
322 1726 543 1759 Manentibus
563 1726 677 1767 itaque
694 1735 712 1756 e
728 1735 869 1757 numero
886 1730 1064 1766 petentum
1091 1725 1236 1765 duobus,
1253 1726 1404 1757 Acheloo
1422 1725 1558 1758 flumine
1577 1732 1615 1758 et

197 1781 365 1818 Hercule,
391 1780 471 1821 quia
494 1778 615 1820 reliqui
637 1778 680 1810 ob
705 1783 832 1810 metum
856 1783 1040 1817 cesserant,
1061 1778 1095 1809 in
1123 1784 1297 1810 certamen
1325 1789 1521 1819 processum
1548 1785 1613 1812 est.

198 1834 284 1866 Cum
300 1842 383 1874 ergo
399 1832 567 1864 Achelous
591 1831 803 1863 naturalibus
828 1832 937 1864 modis
956 1832 1142 1863 Herculem
1159 1832 1326 1872 eluderet,
1340 1832 1440 1863 modo
1456 1833 1490 1863 in
1506 1833 1614 1874 liquo-

199 1897 282 1925 rem,
309 1885 410 1918 modo
433 1886 465 1916 in
494 1885 644 1926 speciem
667 1885 836 1925 draconis,
860 1884 1039 1916 novissime
1065 1885 1098 1915 in
1126 1885 1212 1915 tauri
1238 1884 1380 1926 figuram
1411 1894 1611 1926 conversus,

199 1940 319 1972 astitit.
375 1939 484 1971 Quem
511 1937 693 1978 Hercules,
717 1942 755 1968 ut
783 1938 957 1978 amplexus
983 1942 1034 1969 est
1061 1938 1300 1979 reluctantem,
1324 1939 1468 1970 alterum
1494 1949 1614 1978 cornu,

198 1994 287 2034 quod
306 1992 520 2032 implicuerat
537 1990 694 2029 brachiis,
710 1991 824 2030 rapuit
841 1994 1025 2021 extortum.
1072 1990 1149 2023 Quo
1173 1991 1291 2021 dolore
1317 1991 1374 2022 ille
1401 2001 1439 2022 ac
1455 1991 1614 2022 deformi-

197 2050 268 2077 tate
285 2043 470 2076 adversarii
486 2042 612 2073 viribus
625 2043 738 2073 cessit.
784 2042 832 2072 At
855 2043 1024 2082 Nympliae
1050 2042 1211 2082 Naiades‚
1228 2042 1373 2074 fluminis
1389 2043 1479 2083 filiae,
1496 2043 1616 2076 effece-

197 2104 288 2138 runt,
304 2102 342 2129 ut
359 2097 393 2128 id
410 2095 498 2138 quod
516 2099 671 2136 ereptum
688 2095 794 2135 capiti
820 2098 907 2135 erat,
930 2094 1084 2125 omnibus
1111 2095 1218 2136 copiis
1236 2097 1487 2129 autumnalibus
1505 2098 1615 2138 reple-

197 2156 292 2184 rent:
318 2155 356 2182 ut
372 2149 462 2191 apud
479 2153 633 2190 posteros
648 2148 831 2180 maximum
846 2147 990 2179 haberet
1001 2146 1150 2179 fructum
1166 2154 1202 2180 et
1217 2149 1444 2182 mirationem.
1490 2149 1614 2193 Itaque

197 2204 413 2246 Cornucopia
429 2201 590 2235 effectum
608 2207 671 2244 est,
687 2207 725 2234 ut
740 2201 916 2234 diceretur
932 2202 1086 2234 omnibus
1105 2203 1326 2244 temporibus.

158 2302 300 2363 QUAE
321 2316 520 2371 gemitus,
538 2320 791 2370 truncaeque
814 2317 912 2358 Deo
937 2316 1193 2371 Neptunius
1213 2318 1339 2359 heros

158 2387 307 2429 Causa
326 2387 450 2438 rogat
473 2384 649 2425 frontis:
682 2397 780 2426 cum
801 2386 864 2426 sic
888 2385 1161 2439 Calydonius
1181 2387 1322 2427 amnis

202 2504 228 2527 1.
252 2497 355 2527 Heres
374 2493 552 2534 Neptunius
563 2493 643 2533 petit
659 2503 726 2534 quoe
739 2494 781 2525 εἰι
807 2504 899 2526 causa
912 2495 1049 2534 gemitus
1064 2495 1144 2536 Deo,
1160 2499 1189 2527 et
1206 2494 1327 2534 frontis
1349 2495 1525 2531 mutilam»,-
1550 2503 1617 2524 cum

817 2591 956 2623 NOTAE

203 2669 218 2698 1
233 2663 376 2704 Trunca]
386 2665 860 2698 Quiacornuanerocarebat.
957 2672 976 2700 2
1002 2668 1206 2710 Calydonius]
1234 2666 1400 2697 Achelous
1422 2671 1557 2705 nempe,
1579 2666 1616 2694 nt

204 2716 394 2758 Neptunius]
414 2717 565 2748 Theseus
579 2723 630 2749 est
641 2718 808 2761 Neptuni,
819 2720 860 2751 ab
908 2718 980 2759 jam
996 2729 1087 2761 saepe
1105 2718 1259 2749 vidimus.

162 2769 264 2809 AEgeo
282 2772 391 2808 patre,
412 2777 529 2808 nepos.

249 2820 361 2861 Delph.
378 2824 407 2852 ct
429 2820 502 2853 γαν.
525 2822 609 2855 (llus.
847 2821 941 2852 ovid.
1457 2820 1474 2848 Δ
1498 2817 1529 2849 Q
