1831 3023
238 216 354 264 1152
732 232 771 263 P.
803 230 962 261 0v1D11
995 229 1209 262 NAsoms

238 327 417 369 Praebet
436 327 542 368 iter:
573 326 810 379 subterque
831 326 941 367 imas
963 326 1113 366 ablata
1133 334 1341 366 cavernas

238 395 330 436 Hic
354 398 490 448 caput
508 394 673 443 attollo,
694 393 962 447 desuetaque
983 394 1127 434 sidera
1147 404 1290 433 cerno.

236 462 370 516 Ergo,
392 462 494 502 dum
517 462 672 516 Stygio
696 462 777 501 sub
799 463 919 501 terris
939 461 1101 512 gurgite
1122 461 1262 509 labor,

235 529 351 571 Visa
371 534 445 571 tua
465 534 529 570 est
550 529 689 570 oculis
712 529 801 568 illic
826 528 1090 580 Proserpina
1110 528 1286 569 nostris.
1607 522 1697 566 505

238 597 323 639 Illa
343 598 518 651 quidem
545 597 698 646 tristis,
720 609 802 636 nec
826 596 966 636 adimo
987 597 1179 635 interrita
1198 595 1320 636 vultu
1339 607 1351 644 3

237 664 328 706 Sed
348 666 498 718 regina
519 669 682 713 tamen,
715 663 792 703 sed
815 662 947 715 opaci
970 663 1164 702 maxima
1182 661 1331 701 mundi
1349 674 1360 712 3

236 733 324 773 Sed
345 737 489 773 tamen
509 732 660 772 inferni
681 731 852 785 pollens
875 735 1074 770 matrona
1092 728 1275 783 tyranni.

237 798 384 839 Mater
402 799 456 839 ad
478 798 652 839 auditas
675 798 856 850 stupuit,
879 809 962 837 ceu
984 809 1138 846 saxea,
1159 807 1315 835 voces:

236 863 541 918 Attonitaeque
563 866 635 905 diu
655 864 812 904 similis
831 864 938 904 fuit:
969 868 1108 916 utque
1132 862 1278 902 dolore
1477 858 1481 861 ’
1611 858 1696 901 510

236 932 374 973 Pulsa
395 935 515 985 gravi
537 934 680 986 gravis
701 935 767 972 est
789 933 981 973 amentia
999 946 1008 979 ;
1041 931 1237 971 curribus
1260 941 1389 970 auras

237 998 347 1040 Exit
367 1000 410 1039 in
432 1001 631 1041 aetherias
650 1015 658 1041 :
692 1000 752 1040 ibi
775 1003 870 1040 toto
892 999 1040 1039 nubila
1061 998 1181 1038 vultu

235 1064 353 1105 Ante
373 1065 401 1105 J
407 1079 531 1105 ovem
552 1067 699 1119 passis
723 1067 840 1107 stetit
858 1065 1079 1106 invidiosa
1098 1064 1290 1117 capillis.

235 1130 413 1183 Proque
434 1145 530 1172 meo
551 1134 680 1172 venio
702 1133 893 1185 supplex
914 1132 1011 1181 tibi,
1035 1132 1223 1184 Jupiter,
1242 1130 1401 1184 inquit,

236 1197 475 1250 Sanguine,
496 1211 659 1251 proque
678 1203 770 1238 tuo.
833 1199 882 1238 Si
902 1199 1023 1238 nulla
1045 1203 1112 1238 est
1134 1199 1273 1250 gratia
1292 1198 1472 1247 matris;
1611 1194 1696 1235 515

236 1264 359 1305 Nata
379 1271 547 1318 patrem
568 1269 773 1304 moveat:
804 1277 885 1304 neu
907 1265 963 1304 sit
982 1265 1062 1304 tibi
1084 1277 1201 1312 cura,
1225 1277 1470 1317 precamur,

235 1331 378 1372 Vilior
398 1332 532 1381 illius,
555 1331 671 1383 quod
691 1336 841 1371 nostro
862 1336 930 1371 est
955 1332 1073 1372 edita
1091 1336 1233 1384 partu.

237 1399 305 1440 En
328 1399 516 1451 quaesita
532 1398 604 1438 diu
626 1398 802 1438 tandem
823 1398 929 1438 mihi
951 1403 1056 1439 nata
1075 1402 1248 1452 reperta
1268 1402 1360 1439 est:

237 1466 286 1506 Si
307 1466 496 1519 reperire
513 1478 662 1514 vocas,
685 1466 884 1506 amittere
905 1468 1090 1517 certius3
1123 1473 1199 1506 aut
1219 1466 1256 1505 si

238 1534 360 1575 Scire
382 1534 459 1574 ubi
481 1535 552 1582 sit,
575 1534 761 1587 reperire
782 1547 931 1575 vocas.
993 1534 1123 1585 Quod
1144 1538 1284 1588 rapta,
1306 1532 1493 1573 feremus
1512 1546 1523 1584 ;
1609 1533 1695 1576 520

247 1650 344 1682 Terra
370 1649 447 1680 mihi
460 1648 660 1689 permeabilis
676 1650 730 1680 dat
748 1650 829 1680 viam
843 1661 854 1687 ;
887 1651 1028 1691 etfluens
1049 1661 1104 1691 per
1118 1654 1210 1680 antra
1225 1648 1344 1686 inferna
1361 1648 1410 1680 hic
1423 1652 1513 1688 caput
1529 1648 1637 1690 effero,
1664 1654 1697 1682 et

243 1693 332 1723 video
347 1695 432 1722 astru
450 1694 584 1723 desueta.
631 1692 719 1722 Dum
734 1692 837 1730 igitur
851 1694 920 1734 fluo
935 1694 988 1724 sub
1004 1694 1097 1724 terris
1120 1703 1174 1732 per
1198 1692 1336 1732 abyssum
1354 1691 1520 1730 infernum,
1544 1695 1599 1723 tua
1614 1693 1696 1724 Pro-

243 1736 366 1775 serpina
382 1737 544 1774 conspecta
561 1737 606 1763 est
629 1734 696 1763 illic
720 1735 834 1765 nostris
848 1737 954 1767 oculis
1000 1736 1061 1766 Illa
1083 1737 1203 1775 quidem
1229 1738 1349 1772 moesia,
1371 1743 1468 1774 neque
1493 1734 1593 1764 adhuc
1606 1736 1697 1766 vultu

242 1777 423 1816 tranquillo,
451 1778 503 1806 sed
533 1779 633 1806 {amen
662 1777 783 1815 regina,
812 1779 863 1807 sed
889 1779 1026 1809 maxima
1052 1779 1132 1808 rasti
1156 1777 1249 1813 orbis,
1279 1778 1332 1806 sed
1358 1779 1461 1806 tamen
1483 1779 1592 1815 potens
1617 1786 1698 1808 uxor

239 1819 326 1857 regis
355 1818 475 1858 Stygii.
520 1818 629 1848 ,Mater
665 1818 755 1848 lzoesit
784 1822 930 1860 tanquam
961 1830 1131 1850 marmorea
1156 1821 1194 1849 ad
1224 1819 1314 1849 verba
1341 1819 1461 1857 audita,
1496 1821 1527 1848 et
1555 1818 1610 1850 diu
1635 1829 1697 1860 par

234 1862 304 1900 fuit
334 1860 497 1891 attonitoe:
535 1864 626 1900 atque
652 1864 687 1890 ut
715 1861 838 1898 agitata
869 1872 980 1901 magno
1009 1864 1122 1899 dolore,
1163 1871 1277 1900 magna
1306 1864 1352 1892 est
1379 1861 1522 1897 insania5
1558 1862 1696 1902 erumpit

238 1905 273 1934 in
300 1913 392 1934 auras
419 1903 568 1933 ather-eas
594 1913 709 1933 curru:
735 1904 777 1933 ibi
800 1904 927 1935 turbata
954 1908 1018 1935 toto
1049 1906 1131 1935 rultu
1156 1905 1306 1934 invidiosa
1329 1903 1469 1934 constitit
1494 1913 1596 1934 coram
1615 1904 1694 1936 Jove

239 1956 348 1985 sparsa
363 1956 467 1976 coma.-
499 1949 587 1985 atque
614 1945 673 1981 ait,
698 1946 836 1985 Jupiter,
859 1947 977 1978 Adsum
1000 1947 1058 1977 tibi
1080 1948 1210 1986 supplex
1230 1957 1285 1986 pro
1310 1956 1375 1977 meo
1400 1947 1560 1984 sanguine,
1586 1949 1617 1977 et
1635 1956 1694 1987 pro

240 1992 303 2018 tuo.
350 1988 388 2018 Si
409 1989 510 2017 nullus
543 1991 587 2017 est
606 1987 703 2024 sator
726 1990 850 2026 matris,
864 1989 939 2030 filia
971 1993 1083 2028 tangat
1102 1993 1246 2029 putrem‚·
1269 1991 1298 2018 et
1327 1997 1451 2018 oramus
1477 1997 1514 2018 ne
1541 1997 1626 2018 amor
1649 1989 1695 2020 sit

238 2030 296 2060 tibi
312 2030 413 2059 minor
428 2040 504 2068 [rga
520 2030 617 2067 illam,
640 2032 719 2068 quod
742 2030 772 2060 z'n
796 2032 892 2061 lucem
908 2033 1025 2062 venerit
1048 2035 1150 2062 nostro
1171 2034 1273 2070 partu.
1319 2030 1400 2060 Ecce
1414 2031 1467 2060 diu
1482 2030 1695 2070 quoesitafilia

238 2072 366 2111 denique
377 2082 394 2101 a
408 2082 453 2102 me
467 2076 512 2102 est
529 2073 652 2101 inventa
665 2082 676 2107 ;
699 2072 725 2101 sz’
740 2074 875 2111 appellas
890 2074 1040 2109 invenire,
1052 2074 1166 2104 certius
1179 2074 1304 2112 perdere
1316 2082 1326 2107 ,·
1348 2075 1402 2102 aut
1417 2073 1444 2102 si
1459 2073 1596 2112 appellas
1608 2073 1694 2104 inve-

239 2114 321 2154 nire,
339 2123 516 2153 cognoscere
531 2114 583 2143 ubi
599 2115 653 2144 sit.
698 2114 864 2145 Pntiemur
887 2117 966 2154 quod
981 2116 1101 2146 sublata
1111 2126 1121 2152 ;
1143 2115 1304 2146 dummodo
1329 2124 1395 2145 eam
1409 2115 1574 2145 restituat:
1595 2125 1694 2156 neque

832 2195 1066 2208 eeeeeeeeeeee

243 2256 399 2286 curasque.
423 2247 502 2276 Duo
527 2245 619 2276 Med.
644 2246 855 2276 levati.—502
879 2246 918 2276 In
937 2256 1003 2277 uno
1031 2247 1121 2277 Mor.
1147 2247 1306 2286 subterque
1321 2256 1432 2282 cat-am
1457 2247 1546 2286 qnod
1563 2249 1690 2281 rectius

241 2289 377 2320 videtur
406 2288 524 2319 Heius.
547 2287 614 2318 Sed
631 2297 713 2318 carce
738 2299 876 2319 cui-‹rna›
902 2290 1017 2319 Burm.
1044 2290 1216 2329 displicet.
1239 2289 1277 2319 In
1303 2298 1368 2319 uuo
1395 2288 1439 2319 N.
1453 2289 1512 2320 abl.
1538 2291 1690 2323 latebras.-

240 2331 329 2362 unde
357 2331 412 2361 ille
436 2331 516 2360 subl.
543 2341 607 2361 cuv.
629 2330 690 2360 ubl.
717 2330 934 2362 latebr.—50-l
957 2332 1115 2362 Sixianus
1146 2337 1180 2362 et
1211 2332 1432 2370 Langerman.
1458 2332 1512 2362 sub
1535 2335 1690 2365 terras.—

238 2377 302 2405 506
327 2373 431 2404 Gron.
447 2373 599 2403 exterrita
614 2374 686 2403 rult.
713 2373 796 2413 Opt.
814 2374 863 2404 ΡΙ.
887 2376 1101 2405 1·ultus.-507
1125 2375 1254 2413 Sprotii
1272 2380 1306 2404 et
1334 2374 1426 2405 Leid.
1446 2385 1527 2406 max.
1543 2376 1690 2415 regni.—

239 2417 302 2447 509
325 2416 419 2447 Leid.
448 2425 532 2445 [inus
553 2426 606 2446 ceu
621 2415 843 2446 saucia—512
866 2417 1022 2456 Quinque
1040 2417 1114 2447 libri
1133 2417 1263 2447 Scandit
1285 2418 1317 2447 in
1339 2417 1413 2446 ceth.
1430 2417 1498 2447 Pro
1523 2421 1585 2448 toto
1612 2418 1690 2451 Pal.

239 2462 348 2494 ἐπι-ο,-
372 2458 488 2488 Heius.
514 2462 603 2488 moto.
629 2458 760 2495 Fragm.
794 2459 962 2488 Bomorn.
989 2460 1104 2498 pallida
1134 2461 1207 2490 rull.
1233 2460 1282 2489 Fi.
1299 2460 1433 2490 territa.-
1458 2459 1577 2490 Heins.
1600 2462 1688 2502 conj.

240 2502 512 2540 squalli‹!a.—513
538 2501 603 2530 Alii
635 2502 751 2540 sparsis
778 2504 954 2532 stet.—514
978 2502 1148 2542 Bernegg.
1175 2507 1208 2532 et
1233 2502 1288 2532 alii
1314 2501 1423 2537 veni0;
1447 2502 1536 2541 vulg.
1564 2504 1688 2534 veni.—

241 2546 301 2574 517
327 2543 418 2574 Med.
430 2543 553 2584 prodita
568 2546 760 2583 purt.—519
788 2544 904 2575 Heius.
922 2545 1012 2584 conj.
1027 2545 1115 2576 αηιὶΐ.
1129 2545 1349 2575 terius—520
1367 2544 1408 2574 V.
1425 2549 1460 2574 et
1473 2544 1580 2576 Gron.
1596 2549 1689 2586 rapta

886 2651 1024 2682 NOTAE

284 2726 346 2753 519
370 2714 525 2752 Amittere
539 2721 667 2762 certius]
692 2723 790 2755 Quod
803 2723 843 2754 fit
857 2734 934 2755 cum
991 2734 1076 2765 mus,
1089 2723 1179 2755 unde
1196 2733 1262 2755 non
1279 2723 1386 2765 possit
1401 2723 1545 2756 extrahi.

239 2780 309 2802 rem
335 2771 489 2803 amissam
515 2771 640 2803 alicubi
669 2781 743 2804 esse
768 2774 934 2813 comperi-
