1831 3023
224 254 338 297 1612
708 270 748 299 Ρ.
779 268 939 299 ovmu
969 268 1183 301 nasot-us

582 453 701 495 ΕΑΒ.
732 453 871 495 VIII.
933 453 1042 496 Acis
1058 456 1102 497 in
1122 455 1318 497 Flumen.

228 552 324 594 Αοιε,
335 552 440 584 Fauni
464 556 499 583 et
516 552 710 583 Simethidis
727 553 896 595 Nymphae
919 553 1020 593 filius,
1035 554 1227 594 Galateam,
1240 552 1345 585 Nerei
1359 556 1396 585 et
1409 552 1547 584 Doridis
1562 549 1679 591 filiam,

270 617 346 638 cum
361 605 531 645 diligeret,
546 615 608 637 nec
632 607 740 637 minus
762 607 834 647 ipse
864 607 905 638 ab
930 617 972 638 ea
988 613 1180 648 peteretur;
1203 607 1361 648 Cyclops,
1376 606 1465 647 quod
1480 606 1578 647 copia
1592 606 1680 647 ejus-

270 660 347 690 dem
364 659 532 690 Nereidos
548 660 639 689 nulla
655 659 767 699 tieret,
784 661 861 702 quia
877 660 997 692 feritas
1008 661 1082 702 ejus
1098 662 1129 692 ei
1142 662 1250 692 invisa
1263 665 1367 700 esset,
1382 661 1538 690 incensus
1550 658 1680 699 furore,

270 712 430 752 spelunca
446 712 578 749 relicta,
595 714 703 753 palam
725 715 902 755 prosiluit3
926 719 1134 756 vagatusque
1161 725 1221 756 per
1246 715 1356 755 sylvas
1384 713 1565 752 conspexit
1579 712 1682 742 Gala·

270 769 361 795 team
386 767 513 805 gremio
542 765 656 797 Acidis
684 767 908 807 residentem;
949 769 1167 809 avulsumque
1198 768 1373 809 scopulum
1407 766 1517 797 AEtnae
1550 764 1585 794 in
1622 772 1681 795 eos

271 817 392 857 ejecit:
419 819 512 859 cujus
536 819 568 849 vi
591 820 757 849 exterrita
773 819 920 848 Galatea
944 819 1100 857 subjecto
1118 821 1199 848 mari
1214 830 1324 850 mersa
1346 824 1410 851 est.
1456 817 1537 849 Acis
1553 820 1683 855 autem,

273 870 329 911 qui
355 869 506 911 effugere
532 872 696 910 impetum
723 871 796 911 ejus
821 880 889 901 non
915 871 1038 911 potuit,
1063 870 1206 901 obrutus
1233 880 1314 900 saxo
1341 877 1416 902 est:
1451 871 1546 912 cujus
1572 878 1685 909 cruor,

271 923 408 954 numine
435 923 586 963 ejusdem
614 924 782 964 Galateae,
807 925 840 955 in
864 923 989 955 flumen
1016 924 1169 965 ejusdem
1194 923 1337 954 nominis
1361 923 1425 964 sui,
1450 923 1539 964 quod
1569 927 1623 954 est
1649 922 1685 953 in

270 976 397 1016 Sicilia,
414 986 528 1008 versus
544 981 617 1009 est:
643 978 737 1018 cujus
753 978 876 1020 liquori
890 988 925 1009 se
940 978 1056 1019 junxit
1073 978 1259 1008 voluntate.

230 1050 487 1109 PaoxmA
510 1069 753 1111 Phaeacum
773 1070 977 1111 felicibus
998 1069 1140 1111 obsita
1161 1069 1307 1123 pomis

231 1133 354 1177 Rura
372 1140 532 1189 petunt.
594 1137 759 1191 Epiros
778 1138 834 1178 ab
855 1138 940 1187 his,
959 1142 1221 1190 regnataque
1243 1136 1335 1177 vati
1603 1132 1689 1176 720

232 1202 466 1244 Buthrotos
489 1205 698 1260 Phrygio,
722 1206 1017 1259 simulataque
1038 1205 1175 1258 Troja
1194 1206 1404 1245 tenentur.

232 1269 344 1311 Inde
363 1269 603 1313 futurorum
624 1273 750 1323 certi,
773 1286 870 1327 quae
893 1276 1050 1314 cuncta
1069 1272 1187 1313 fideli

232 1336 479 1381 Priamides
502 1340 703 1381 Helenus
724 1340 894 1382 monitu
914 1339 1198 1393 praedixerat,
1219 1340 1379 1379 intrant

234 1405 472 1448 Sicaniam.
533 1408 696 1448 Tribus
713 1408 809 1449 haec
830 1408 1022 1448 excurrit
1037 1408 1083 1447 in
1105 1418 1285 1460 aequora
1303 1404 1461 1457 linguis
1479 1417 1488 1445 :

234 1471 273 1511 E
291 1474 450 1525 quibus
468 1474 714 1515 imbriferos
737 1476 927 1516 obversa
948 1474 1180 1526 Pachynos
1203 1473 1261 1514 ad
1281 1472 1499 1513 Austros:
1608 1470 1693 1512 725

236 1537 447 1580 Mollibus
468 1542 722 1592 expositum
741 1541 960 1593 Zephyris
983 1540 1218 1592 Lilybaeon
1235 1553 1244 1579 :
1275 1543 1321 1578 at
1342 1537 1510 1579 Arcton

277 1660 359 1682 vm.
386 1651 529 1682 Tendunt
553 1652 585 1682 in
611 1661 732 1691 campos
755 1652 913 1691 prosi-imos
940 1653 1107 1682 Phaeacum
1131 1653 1264 1682 consitos
1281 1653 1407 1683 mitibus
1417 1653 1529 1692 pomis.
1572 1652 1695 1684 Deinde

235 1695 392 1734 appellunt
407 1695 447 1724 acl
466 1694 609 1733 Epirum,
624 1698 652 1725 et
670 1704 799 1732 regnum
816 1702 986 1732 possessum
1001 1703 1019 1723 α
1036 1693 1192 1723 Buthroto
1211 1693 1365 1733 Phrygio,
1388 1697 1419 1724 et
1445 1693 1569 1731 Troiam
1583 1703 1697 1734 reprae·

235 1739 397 1767 sentatam.
443 1737 521 1767 Inde
535 1739 633 1767 securi
641 1736 838 1774 futurorum,
853 1745 920 1775 quae
941 1735 1075 1766 Helenus
1100 1735 1226 1766 Priami
1242 1736 1335 1776 filius
1355 1736 1562 1776 proedixerat,
1583 1737 1697 1766 adeunt

236 1778 391 1811 Siciliam.
438 1779 520 1810 Hoec
545 1779 742 1819 protenditur
769 1779 802 1809 in
830 1787 915 1808 more
941 1777 1043 1808 tribus
1067 1779 1306 1817 promontoriis:
1330 1788 1370 1809 ex
1398 1778 1507 1818 quibus
1532 1779 1698 1819 Pachynus

234 1826 411 1864 porrectum
425 1824 466 1853 ad
479 1822 579 1853 Notos
589 1822 761 1863 pluviales3
784 1820 957 1862 Lilybaeum
969 1824 1057 1860 patet
1072 1821 1198 1852 mitibus
1213 1821 1366 1861 Zephyris
1377 1831 1390 1858 ,·
1405 1824 1440 1852 at
1456 1822 1584 1853 Pelorus
1595 1820 1698 1861 tergit

850 1905 1086 1917 oooooooooooo

240 1959 361 1991 Heius.
387 1959 422 1990 S.
439 1960 551 1991 Marci
580 1964 615 1992 et
643 1964 725 1991 tert.
743 1961 872 1992 Bonon.
890 1961 984 1992 Inita.
1003 1960 1194 1992 Mitscherl.
1212 1962 1388 1992 revocavit
1406 1959 1700 2001 Impia-‘Malebat

240 2003 342 2034 etiam
361 2003 480 2034 Heius.
495 2003 648 2034 subvectis
660 2003 845 2043 sug.—720
871 2003 1032 2035 Heidelb.
1055 2003 1142 2034 Art-a
1165 2007 1229 2044 pet.
1247 2005 1381 2043 Fragm.
1405 2004 1577 2035 Boxhorn.
1609 2002 1698 2043 Epir.

237 2046 289 2076 ubi
297 2048 487 2085 regn.—72l
506 2047 660 2077 Tenentur
674 2047 794 2077 Heius.
809 2046 942 2087 recepit
953 2056 995 2077 ex
1009 2056 1074 2076 uno
1087 2046 1183 2077 Med.
1197 2057 1204 2077 :
1220 2048 1310 2086 vulg.
1323 2049 1566 2077 tenentia—724
1579 2045 1700 2076 Heius.

242 2089 327 2129 legit
341 2088 435 2119 trinis
449 2090 600 2127 excurrit,
623 2095 659 2120 et
677 2094 776 2129 putat
791 2088 828 2119 τὸ
843 2089 908 2120 haec
924 2089 1032 2129 inepti
1056 2089 1251 2128 glossatoris
1268 2099 1342 2120 esse
1358 2088 1571 2129 figmentum.
1595 2086 1700 2118 Multi

241 2131 349 2162 Codd.
363 2132 473 2171 pennis
500 2142 561 2172 pro
577 2132 713 2171 linguis:
740 2142 791 2172 pr.
808 2132 939 2163 Bonon.
964 2132 1080 2171 pinnis,
1105 2132 1317 2171 improbante
1345 2131 1607 2161 Heinsio.—725
1634 2129 1697 2160 Ob-

242 2183 328 2203 versa
343 2183 404 2213 pro
423 2175 513 2214 vulg.
537 2178 581 2206 est
598 2185 685 2205 versa
711 2185 753 2205 ex
771 2175 899 2205 duobus
926 2174 1058 2204 Thuan.
1083 2179 1119 2204 et
1141 2174 1288 2214 quinque
1304 2174 1378 2203 aliis
1406 2173 1556 2213 reposuit
1579 2172 1699 2204 Heius.

242 2215 420 2256 quiaillud
438 2217 529 2247 verb.
553 2216 720 2247 familiare
738 2217 883 2247 Ovidio:
910 2217 962 2247 Fl.
981 2217 1013 2247 S.
1031 2214 1141 2246 Marci
1170 2216 1292 2256 aliique
1310 2220 1444 2254 septem
1465 2225 1578 2246 eversa.
1602 2215 1699 2254 Saepe

242 2257 345 2288 etiam
359 2257 519 2287 scribitur
531 2259 807 2289 Pachinos.—726
827 2259 967 2289 Plurimi
984 2258 1074 2287 Moll.
1089 2257 1266 2296 impositum
1280 2258 1316 2288 Ζ.
1329 2258 1371 2288 V.
1385 2258 1557 2298 oppositum
1569 2268 1580 2293 ;
1603 2255 1700 2288 Leid.

244 2300 411 2340 expositus.
434 2300 536 2339 Vulg.
559 2300 662 2330 etiam
678 2301 718 2330 ad
733 2302 863 2330 Arctos:
888 2301 1023 2339 Fragm.
1048 2300 1134 2330 Mor.
1147 2303 1177 2330 et
1194 2300 1331 2336 Arctos;
1354 2300 1474 2331 Heius.
1497 2299 1644 2330 malebat
1665 2302 1700 2330 ot

901 2395 1041 2427 NOTAE

286 2472 350 2501 719
374 2469 556 2508 Phoeucum]
573 2468 697 2508 Populi
713 2468 850 2500 fuerunt
863 2469 944 2501 Cor·
999 2469 1097 2500 hodie
1129 2470 1279 2501 Butrinto
1292 2480 1304 2507 ;
1342 2469 1399 2500 ubi
1424 2469 1503 2500 olim
1535 2468 1700 2508 Helenus,

245 2529 349 2561 cyrae,
374 2529 394 2550 a
424 2519 570 2550 Phaeace
602 2519 756 2560 Neptuni
793 2519 863 2551 filio
895 2520 944 2551 sic
999 2520 1127 2551 Priami
1142 2519 1244 2561 iilius,
1266 2520 1422 2560 idemque
1446 2523 1557 2557 vateS‚
1583 2527 1701 2558 regua-

246 2569 343 2601 dicti.
396 2569 514 2600 Insula
541 2568 641 2600 hodie
676 2569 801 2600 dicitur
834 2570 944 2610 Cor-fu,
1000 2571 1059 2602 vit.

247 2617 364 2652 biferis
379 2618 515 2650 Alcinoi
541 2619 696 2660 pomariis
726 2620 805 2651 olim
830 2620 947 2651 nobili·
1041 2623 1104 2652 724
1127 2619 1302 2659 Sicaniam]
1354 2619 1439 2651 Quae
1473 2617 1538 2649 alio
1565 2618 1700 2649 nomine

248 2674 334 2702 tata.
998 2671 1114 2702 Sicilia
1144 2671 1282 2710 dit-itur,
1315 2670 1464 2710 itemque
1506 2667 1699 2709 Triquetra,

289 2723 352 2751 720
377 2720 506 2761 Epiros]
529 2720 614 2752 Quae
631 2720 724 2760 regio
746 2720 780 2750 in
807 2719 944 2751 Italiam
998 2712 1182 2760 Trinacria,
1198 2719 1446 2752 Mediterranei
1465 2717 1567 2750 maris
1590 2716 1702 2748 insula

247 2780 268 2802 a
284 2770 435 2810 Corcyra
452 2770 688 2810 navigantibus
702 2770 860 2802 occurrit.
999 2772 1188 2802 notissima.

290 2822 352 2851 721
371 2819 559 2861 Buthrotos]
576 2821 664 2852 Urbs
677 2825 729 2852 est
745 2821 854 2863 Epiri,
870 2830 946 2862 quae
1042 2821 1194 2862 Linguis]
1217 2819 1457 2853 Promontoria
1481 2820 1530 2852 ita
1551 2818 1700 2862 appella-
