1831 3023
242 296 352 339 1588
731 309 773 338 Ρ.
803 307 960 338 ovmn
994 308 1205 340 NAsoms

597 545 714 586 ΕΑΒ.
748 546 810 588 ΙΙ.
874 547 1062 590 Hecuba
1080 550 1125 590 in
1156 549 1331 592 Canem.

245 661 390 695 Umxns,
409 660 584 696 postquam
612 655 818 688 Philoctetae
842 658 997 698 sagittas,
1022 659 1094 699 ipso
1112 660 1356 700 comitante‚in
1379 664 1489 691 castra
1506 661 1686 693 Graiorum

286 710 437 750 pertulit,
455 708 575 749 quibus
591 708 691 740 Ilium
716 715 855 751 captum
881 716 946 752 est,
973 712 1091 753 praeda
1107 712 1198 745 dives
1226 714 1383 752 Hecuba,
1409 713 1538 745 Priami
1553 715 1690 755 conjux,

285 762 377 792 Ulixi
392 766 483 793 sorte
507 762 631 800 cessit;
655 773 730 804 quae
756 764 938 796 novissime
963 766 1204 798 acerbitatibus
1230 767 1406 797 interitum
1422 765 1638 807 Astyanactis
1654 772 1691 798 et

284 815 483 855 Polyxenae‚
508 824 583 855 quae
610 815 642 846 in
669 815 775 847 bustis
804 817 945 848 Achillis
971 818 1083 850 fuerat
1109 820 1304 860 interemta,
1332 830 1489 859 moeren5‚
1515 820 1626 850 classe
1654 819 1690 850 in

282 867 459 899 Thraciam
474 876 549 898 cum
565 872 655 897 esset
672 869 826 907 appulsa,
841 877 881 898 ex
898 868 1035 908 reliquis
1058 870 1185 909 liberis,
1202 873 1257 910 qui
1272 873 1446 904 restabant
1461 873 1566 912 orbae,
1587 872 1691 911 Poly-

284 921 415 959 dorum,
432 919 522 959 apud
549 919 785 959 Polymestora
802 920 857 960 qui
872 920 1042 960 quondam
1057 919 1169 952 fuerat
1195 922 1369 962 educatu5‚
1396 925 1540 963 putabat
1565 925 1691 956 incolu-

284 983 372 1005 mem
388 982 524 1003 manere
538 983 545 1002 :
575 982 650 1013 quae
667 972 746 1003 dum
762 974 929 1013 spatiatur
944 974 977 1004 in
993 974 1120 1012 littore,
1138 974 1379 1006 animadvertit
1394 984 1469 1006 eum
1482 986 1691 1018 exsanguem

284 1037 303 1057 e
319 1025 479 1057 fluctibus
494 1025 526 1056 iu
545 1025 673 1056 aridam
689 1026 848 1066 ejectum.
888 1027 1111 1067 ,Polymestor
1135 1031 1248 1058 autem
1274 1033 1416 1068 propter
1443 1038 1573 1069 aurum,
1599 1029 1690 1071 quod

284 1089 359 1111 cum
375 1078 507 1110 infante
523 1077 695 1118 Polydoro
711 1079 743 1109 ei
758 1079 921 1111 traditum
936 1078 1062 1120 fuerat,
1088 1080 1232 1111 avaritia
1255 1081 1376 1112 ductus
1403 1091 1479 1113 eum
1504 1082 1691 1115 interfecit.

285 1134 330 1164 Et
346 1137 384 1163 ut
398 1131 522 1162 indicia
536 1140 669 1173 quoque
686 1130 849 1163 facinoris
875 1132 978 1163 celari
1006 1138 1154 1173 possent,
1170 1143 1246 1164 eum
1262 1134 1294 1164 iu
1311 1133 1514 1174 profundum
1535 1136 1693 1176 praecipi-

285 1186 383 1218 tavit.
427 1184 527 1218 Quod
545 1194 622 1216 cum
648 1185 792 1216 Hecuba
809 1186 1017 1227 supradicta,
1034 1186 1140 1218 Cissei
1167 1185 1251 1226 filia,
1273 1187 1451 1228 comperit,
1478 1197 1539 1228 per
1565 1187 1694 1229 pollici-

285 1239 451 1271 tationem
465 1238 609 1278 curavit,
624 1243 662 1269 ut
677 1238 874 1279 perveniret
886 1238 928 1269 ad
944 1238 1227 1278 Polymestorem,
1251 1239 1365 1270 dicens
1383 1249 1418 1270 se
1435 1241 1523 1272 velle
1539 1241 1692 1282 adjicere

283 1301 396 1333 super,
408 1291 499 1332 quod
516 1296 595 1322 ante
611 1291 766 1331 dederat,
783 1302 912 1330 aurum,
930 1302 993 1333 quo
1010 1291 1140 1324 facilius
1161 1293 1233 1324 nati
1257 1294 1450 1324 celarentur
1464 1293 1602 1325 indicia.
1647 1294 1692 1325 Et

284 1351 462 1386 tyrannus,
489 1354 604 1376 verum
631 1354 707 1376 esse
738 1345 950 1385 existimans,
979 1345 1112 1385 petenti
1150 1350 1318 1376 secretum
1348 1346 1553 1386 colloquium
1582 1345 1692 1377 dedit.

283 1398 429 1431 Hecuba
444 1402 544 1429 nacta
559 1398 681 1438 locum,
698 1398 822 1429 lumina
838 1398 868 1429 ei
886 1397 1048 1430 abstulit:
1073 1408 1174 1440 quain
1188 1399 1333 1429 Thraces
1348 1398 1425 1429 dum
1442 1402 1694 1440 prosequuntur

283 1452 387 1491 saxis,
403 1461 502 1482 versa
518 1454 571 1482 est
585 1450 619 1481 in
635 1451 728 1482 cauis
741 1451 895 1492 figuram.

241 1539 457 1595 eroa
478 1553 532 1594 ad
555 1553 830 1607 Hypsipyles
851 1555 1050 1608 patriam,
1072 1556 1265 1609 clarique
1285 1556 1517 1607 Thoantis,

242 1623 299 1664 Et
318 1625 506 1662 veterum
527 1623 664 1659 terras
684 1621 871 1661 infames
892 1622 1013 1662 caede
1033 1622 1236 1671 virorum,
1607 1622 1693 1663 400

240 1689 358 1730 Vela
377 1686 474 1736 dat;
504 1689 554 1726 ut
574 1684 748 1735 referat,
768 1686 996 1739 Tirynthia
1013 1689 1113 1736 tela,
1135 1690 1336 1739 sagittas.

243 1754 357 1805 Quae
377 1755 615 1806 postquam
636 1751 691 1792 ad
711 1752 885 1802 Graios,
906 1753 1083 1794 domino
1104 1755 1353 1803 comitante,
1375 1755 1573 1807 revexit3

241 1820 461 1875 Imposita
481 1823 548 1860 est
566 1832 661 1860 sero
683 1820 856 1861 tandem
874 1834 1028 1862 manus
1048 1822 1206 1862 ultima
1224 1821 1357 1863 bello.

285 1961 327 1982 11.
356 1951 463 1982 Victor
475 1960 584 1982 navem
599 1951 694 1981 vertit
718 1951 757 1981 ad
776 1951 913 1991 patriam
930 1950 1130 1991 Hypsipyles,
1153 1953 1185 1980 et
1197 1950 1310 1990 inclyti
1327 1949 1485 1988 Thoantis,
1509 1953 1541 1980 et
1554 1950 1694 1982 tellurem

242 1993 392 2032 infamem
415 2004 485 2024 nece
510 1993 706 2033 antiquorum
730 1994 880 2031 virorum,
906 1995 943 2023 ut
966 1994 1090 2023 revehat
1113 1993 1231 2032 spicula
1246 1993 1377 2023 missilia
1395 1992 1570 2032 Tyrinthia.
1615 1993 1693 2028 Quoe

240 2040 402 2078 postquam
425 2036 551 2068 reduxit
567 2038 607 2067 ad
625 2036 765 2076 Graecos,
789 2037 910 2067 domino
933 2035 1110 2075 comitante,
1124 2035 1207 2076 finis
1231 2035 1359 2075 denique
1381 2035 1542 2075 impositus
1554 2039 1600 2068 est
1614 2045 1694 2067 saevo

855 2130 1087 2142 coemo-m&

240 2198 389 2236 pectore‚·
410 2204 495 2226 unus
518 2204 669 2235 corpore,·
692 2194 757 2225 duo
773 2195 906 2234 cespite5
931 2200 1061 2235 septem
1077 2194 1347 2234 sanguina—400
1370 2193 1468 2224 Voss.
1495 2196 1531 2224 et
1553 2192 1622 2224 duo
1637 2191 1693 2224 alii

245 2238 298 2268 Ad
312 2240 448 2267 veterum
461 2248 471 2267 :
494 2238 591 2267 Med.
619 2241 699 2267 tert.
725 2238 766 2267 Et
784 2241 920 2267 veterum
943 2239 993 2268 ud.
1041 2238 1122 2267 Post
1138 2238 1225 2266 hunc
1251 2245 1300 2265 vs.
1317 2235 1468 2265 nonnulli
1484 2235 1694 2266 interserunt

243 2280 346 2310 alium
359 2290 367 2309 ε
387 2279 566 2309 Transierat
581 2281 705 2309 tandem
717 2279 817 2317 portis
831 2283 957 2318 votoque
966 2279 1202 2318 potitus—403
1217 2278 1315 2317 Vulg.
1329 2277 1539 2316 Impositaqne
1546 2276 1620 2314 sero
1629 2280 1694 2313 est,-

245 2322 294 2353 sic
308 2321 411 2352 etiam
427 2320 460 2351 in
476 2320 583 2352 Codd.
600 2319 746 2350 Ciofani:
772 2320 805 2349 in
822 2330 886 2350 uno
903 2322 945 2352 V.
973 2321 1152 2360 Imposituq.
1177 2323 1224 2350 est
1240 2329 1306 2350 sero
1317 2330 1327 2350 .·
1350 2319 1408 2350 alii
1428 2319 1577 2360 Imposita
1591 2323 1693 2360 estque

237 2363 322 2402 fero.
359 2363 478 2395 Heius.
494 2367 608 2394 monet
623 2362 838 2394 scribendum
855 2373 929 2394 esse
946 2373 1021 2394 cum
1039 2364 1170 2394 Caesen.
1184 2372 1234 2403 pr.
1248 2362 1290 2394 V.
1306 2366 1417 2403 quart.
1442 2362 1538 2394 Med.
1555 2362 1693 2404 aliisque

905 2468 1044 2500 NOTAE

289 2554 352 2583 399
376 2550 577 2591 Hypsipyles]
614 2551 761 2581 Lemnon
786 2551 868 2582 dicit
894 2551 942 2581 in·
996 2561 1078 2582 nere
1093 2552 1180 2582 irata
1197 2550 1380 2582 immissum
1403 2548 1578 2589 fastiditae,
1603 2558 1693 2580 mac-

247 2601 367 2638 sulam,
384 2600 442 2631 ubi
469 2600 658 2640 Hypsipyle
686 2600 848 2630 Thoantis
874 2600 943 2630 filia
997 2606 1166 2631 taverunt.

247 2650 414 2691 regnavit.
1038 2653 1099 2681 401
1127 2650 1307 2690 Tirynthia]
1333 2648 1500 2687 Herculis,
1524 2647 1692 2689 Tirynthe

289 2704 352 2732 400
378 2700 484 2740 Coede]
532 2700 633 2730 Viros
660 2700 745 2730 enim
770 2709 845 2729 suos
874 2710 942 2730 om-
996 2701 1225 2740 Peloponnesi
1242 2700 1323 2731 urbe
1340 2698 1470 2730 nutriti.

246 2761 391 2792 nemque
422 2752 551 2792 prolem
580 2751 761 2781 masculam
789 2750 942 2780 Lemnia·
1038 2753 1101 2781 402
1124 2749 1273 2789 Domino]
1306 2749 1513 2786 Philoctete,
1543 2747 1690 2787 scilicet,

248 2803 320 2841 des,
345 2801 514 2841 zelotypia
533 2805 632 2839 actae,
656 2800 721 2839 vel,
735 2804 772 2830 ut
787 2799 843 2829 alii
861 2799 944 2830 scri-
997 2800 1051 2831 cui
1066 2801 1207 2841 sagittas
1221 2809 1298 2831 suas
1315 2799 1481 2831 Hercules
1494 2797 1649 2829 dederat.

248 2852 345 2892 bunt,
362 2851 490 2882 maritis
505 2855 647 2892 propter
661 2850 814 2882 foetorem
835 2859 856 2881 a
876 2850 942 2880 Ve—
