1831 3023
564 232 597 261 M
608 229 1035 263 n‘rAMoRPnosnoN
1071 233 1166 264 mn.
1201 235 1252 266 x.
1523 230 1636 271 1453

179 324 260 366 Est
280 338 397 379 ager,
418 323 634 376 indigenae
653 323 920 366 Tamaseum
943 326 1117 366 nomine
1139 325 1304 375 dicunt,

178 391 368 433 Telluris
389 391 564 446 Cypriae
584 403 686 444 pars
708 392 900 443 optima:
932 406 1061 447 quem
1081 393 1187 434 mihi
1210 393 1341 446 prisci
1549 393 1636 436 645

179 458 418 500 Sacravere
439 470 590 499 senes:
621 458 886 511 templisque
909 460 1113 501 accedere
1135 460 1281 500 dotem

178 524 309 567 Hanc
325 525 494 580 jussere
515 525 640 565 meis,
704 524 857 566 Medio
879 528 987 568 nitet
1008 528 1134 568 arbor
1154 528 1195 567 in
1218 539 1351 579 arv03

180 591 323 632 Fulva
344 604 530 641 comam,
555 590 675 632 fulvo
697 592 828 632 ramis
850 594 1165 646 crepitantibus
1187 607 1312 635 auro.

178 657 296 699 Hinc
317 659 400 700 tria
418 659 528 699 forte
544 671 645 699 mea
666 659 842 700 veniens
863 660 1069 712 decerpta
1089 660 1282 700 ferebam

176 725 323 767 Aurea
343 739 477 779 poma
496 738 652 766 manu:
683 725 880 779 nullique
900 725 1102 775 videnda,
1125 728 1207 767 nisi
1229 727 1331 780 ipsi,
1547 728 1631 769 (350

178 793 484 846 Hippomenen
505 791 618 843 adii3
651 792 884 847 docuique,
911 795 1010 847 quis
1031 807 1137 834 usus
1157 795 1200 834 in
1220 794 1321 835 illis.

175 858 307 912 Signa
327 860 445 901 tubae
467 859 702 911 dederant3
733 874 831 901 cum
853 873 1028 901 carcere
1052 873 1211 914 pronus
1234 864 1412 915 uterque

171 925 359 976 Emicat,
383 931 428 968 et
446 939 660 968 summam
682 927 810 968 celeri
831 927 942 981 pede
963 927 1074 968 libat
1095 939 1284 969 arenam.

173 992 319 1035 Posse
341 999 470 1048 putes
491 995 590 1034 illos
607 996 728 1035 sicco
750 995 859 1036 freta
881 995 1028 1035 radere
1050 1007 1201 1048 passu,

173 1059 230 1101 Et
251 1062 409 1114 segetis
430 1073 550 1102 canae
573 1065 737 1102 stantes
758 1074 1006 1115 percurrere
1025 1062 1195 1102 aristas.
1542 1062 1570 1104 6

171 1126 399 1181 Adjiciunt
419 1129 589 1169 animos
605 1127 756 1182 juveni
778 1129 1045 1182 clamorque,
1068 1128 1296 1182 favorque,

171 1193 408 1247 Verbaque
428 1193 666 1244 dicentum,
690 1194 836 1244 Nunc,
868 1207 981 1236 nunc
1003 1195 1250 1236 incumbere
1272 1200 1456 1250 tempus,

172 1260 482 1315 Hippomene:
516 1275 714 1316 propera.
776 1261 819 1303 N
823 1275 908 1303 unc
931 1263 1098 1303 viribus
1119 1267 1240 1303 utere
1262 1262 1378 1303 totis.

1572 1064 1598 1104 vr

1600 1064 1628 1104 0·

172 1407 232 1438 Est
247 1417 353 1438 artum
365 1417 440 1448 pars
454 1408 571 1447 optima
586 1411 679 1439 terrae
696 1409 835 1450 Cyprioe,
859 1409 969 1440 accnloe
991 1409 1147 1449 appellant
1166 1409 1369 1440 Tamasenum
1381 1418 1393 1444 ;
1414 1409 1493 1448 quad
1506 1408 1629 1449 antiqui

168 1459 254 1481 senes
267 1450 344 1480 mihi
357 1460 477 1480 sacrum
484 1449 644 1488 fecerunt,
658 1455 748 1491 atque
763 1453 923 1483 coluerunt
938 1452 993 1482 hoc
1009 1453 1119 1482 donum
1132 1451 1229 1490 jungi
1244 1451 1318 1482 meis
1332 1451 1465 1491 templis.
1512 1451 1552 1481 In
1567 1460 1628 1481 me-

169 1492 221 1523 dia
236 1502 341 1532 campo
354 1493 493 1532 splendet
507 1493 711 1533 arborflaras
726 1494 840 1525 habens
848 1494 990 1533 frondes,
1008 1494 1103 1524 ramis
1115 1493 1320 1534 strepentibus
1326 1492 1413 1529 fulva
1428 1503 1514 1524 auro.
1550 1493 1627 1524 Inde

166 1535 290 1566 rediens
305 1534 394 1572 sorte
419 1535 580 1574 portabam
607 1537 668 1566 tria
692 1546 782 1576 poma
805 1546 900 1568 aurea
923 1537 1047 1575 direpta
1072 1545 1138 1567 mea
1162 1546 1275 1573 manu;
1297 1539 1388 1576 atque
1403 1535 1517 1566 nemini
1533 1535 1627 1576 inspi-

167 1577 286 1616 cienda,
302 1578 363 1608 nisi
379 1579 452 1618 ipsi,
467 1579 507 1607 ad
526 1578 737 1618 Hippomenen
753 1580 864 1610 accessi
876 1590 887 1616 ,·
909 1582 1000 1619 atque
1015 1578 1151 1609 indicari
1175 1588 1242 1618 quae
1264 1588 1369 1609 eorum
1385 1582 1477 1609 esset
1492 1577 1628 1609 utilitas.

171 1619 267 1650 'nabae
281 1619 592 1659 indie-iamsecerant‚
616 1631 684 1651 cum
699 1624 825 1661 uterque
839 1622 945 1662 parati
969 1621 1088 1651 evolant
1111 1622 1271 1660 repagulo,
1294 1624 1386 1660 atque
1399 1621 1564 1659 stringunt
1577 1630 1628 1651 su-

165 1671 304 1701 premam
325 1672 451 1693 arenam
466 1663 559 1692 veloci
575 1664 658 1701 pede.
706 1664 856 1694 Crederes
884 1665 952 1694 illos
970 1672 1055 1703 posse
1074 1672 1255 1702 percurrere
1277 1673 1398 1703 aequora
1423 1664 1503 1694 sicco
1524 1672 1629 1703 passu,

168 1707 261 1744 atque
275 1705 413 1735 incedere
427 1713 520 1743 super
543 1705 642 1744 spicas
656 1708 775 1735 stantes
791 1705 891 1746 flatoe
906 1705 1030 1745 segetis.
1077 1706 1204 1735 Clamor
1225 1708 1255 1735 et
1263 1704 1361 1742 fat-or
1374 1706 1491 1736 addunt
1507 1705 1626 1735 animos

161 1746 284 1786 juveni,
298 1746 431 1786 itemque
445 1756 530 1777 voces
545 1747 725 1787 dicentium,
741 1748 845 1787 Nunc,
869 1758 947 1778 nunc
961 1751 1081 1787 tempus
1096 1747 1247 1786 instandi,
1261 1747 1475 1788 Hippomene:
1492 1746 1627 1786 festina.

778 1835 1014 1847 eeeeeeeeeeee

168 1893 229 1921 6·ss
256 1890 434 1922 Tamaseum
458 1900 499 1921 ex
524 1891 656 1922 emend.
683 1891 804 1922 Heius.
833 1892 921 1931 vulg.
946 1891 1167 1930 Dumannum,
1195 1890 1296 1922 etsie
1314 1890 1449 1932 qnidam
1474 1900 1516 1922 ex
1539 1894 1626 1924 vett.

169 1933 269 1965 codd.
306 1934 374 1964 Alii
391 1934 510 1965 aliter:
539 1934 662 1965 Bosch.
679 1939 713 1965 et
730 1934 843 1974 'rhysii
859 1935 1070 1970 Amanum,-
1092 1933 1189 1965 muni
1213 1934 1402 1964 Damascum
1425 1934 1479 1964 vel
1506 1935 1625 1965 Dama-

166 1985 292 2011 ccuum:
315 1975 445 2007 Arund.
472 1977 776 2007 Damascum-645
803 1977 901 2012 Quem
929 1976 1046 2008 Heinn.
1076 1976 1218 2016 protulit
1245 1985 1287 2006 ex
1316 1986 1374 2006 sex
1401 1976 1537 2016 scriptis
1561 1986 1624 2017 pro

167 2018 258 2057 vulg.
279 2021 489 2058 qnam—610
514 2019 589 2049 Duo
616 2019 722 2050 Gron.
749 2020 877 2049 Sacrae.
903 2021 1126 2058 patrem—647
1156 2017 1302 2050 Quidam
1332 2019 1409 2049 ciret
1437 2018 1503 2050 arb.
1533 2018 1623 2059 quod

167 2059 285 2091 Burm.
302 2069 367 2090 non
386 2060 536 2098 damnat,
554 2061 631 2101 qnia
648 2061 681 2092 id
700 2061 792 2091 verb.
810 2071 890 2091 auro
908 2061 1087 2091 convenit:
1112 2060 1160 2091 sic
1185 2069 1234 2090 iv.
1256 2063 1438 2092 (mex—648
1461 2060 1623 2091 Meliores

165 2112 294 2139 comam,
310 2108 399 2133 teste
415 2102 534 2133 Heius.
554 2113 614 2142 pro
642 2104 732 2143 vulg.
755 2113 865 2134 eomas.
909 2103 999 2134 Dein
1021 2113 1096 2133 ram.
1120 2102 1314 2133 radiantibus
1336 2112 1420 2133 unns
1439 2103 1534 2132 Leid.
1562 2106 1625 2134 tre-

162 2145 344 2185 pidantibus
360 2145 464 2175 alter:
487 2145 587 2184 pomis
603 2146 704 2176 etiam
723 2155 783 2185 pro
809 2146 903 2176 ramis
927 2145 1112 2176 dum—649
1136 2146 1231 2175 Unus
1257 2144 1350 2175 Leid.
1370 2144 1459 2182 forte
1483 2154 1550 2176 mea
1567 2145 1623 2182 ju-

164 2187 250 2218 venis
263 2188 328 2218 dec.
375 2186 494 2218 Heins.
518 2188 607 2228 conj.
621 2188 729 2225 jitteni
742 2199 752 2218 :
774 2189 952 2219 Constant.
971 2188 1112 2218 Fanens.
1130 2192 1166 2217 et
1183 2187 1296 2218 Burni.
1313 2197 1377 2217 meo
1389 2187 1510 2227 juveni,
1526 2191 1563 2218 ut
1578 2187 1624 2218 A·

166 2229 262 2260 donis
277 2229 499 2268 intelligatur.
518 2230 659 2261 Botliius
675 2231 719 2261 nil
735 2230 931 2261 mutandum
949 2235 1077 2269 censet,
1095 2235 1128 2260 et
1143 2229 1311 2269 improbat
1326 2229 1471 2260 Fanens.
1489 2230 1623 2262 emend.

167 2281 243 2302 nam
262 2271 410 2303 Adonidi
428 2272 491 2311 ipsi
508 2272 592 2310 haee,
617 2278 695 2303 ante
721 2273 848 2304 dudum
877 2272 1011 2313 quidem
1038 2278 1140 2303 antea
1165 2277 1275 2312 gesta,
1302 2277 1438 2303 enarrat
1451 2273 1623 2304 Venus.—

165 2317 229 2345 05³
255 2314 298 2344 Ec
315 2324 433 2344 summa
448 2314 556 2344 celeria
568 2315 717 2355 pendebat
735 2326 828 2347 arena
845 2316 938 2347 Med.
955 2321 988 2346 et
1005 2316 1136 2346 Bonon.
1154 2320 1189 2345 et
1206 2315 1257 2345 ΡΙ.
1273 2315 1309 2346 S.
1327 2315 1552 2346 March—654
1573 2315 1621 2346 ῙΙΙ.

165 2357 256 2387 celeri
265 2356 356 2394 freta
372 2356 471 2387 Cant.
489 2356 528 2387 V.
543 2362 578 2386 et
595 2362 726 2397 septem
744 2358 800 2388 alii
815 2370 823 2390 :
847 2359 941 2389 celeri
956 2367 1041 2388 mare
1069 2358 1142 2389 Pal.
1169 2360 1278 2398 quart.
1303 2357 1393 2387 Dein
1419 2358 1531 2388 Ioedere
1556 2366 1621 2388 sec..

166 2399 242 2431 Pal.
259 2400 385 2430 condere
404 2398 497 2431 Leid.
513 2403 548 2429 et
557 2399 667 2440 planta
677 2401 779 2431 etiam
795 2405 873 2432 tert.
884 2401 1105 2432 Palat.-—655
1121 2399 1281 2431 Heidelb.
1299 2408 1318 2430 a
1334 2409 1420 2431 man.
1438 2409 1488 2441 pr.
1507 2400 1548 2431 Ut
1561 2408 1621 2440 seq.

821 2506 962 2539 No'rffi

207 2580 269 2609 044
290 2578 483 2618 Tamascum]
505 2579 704 2610 Tamasenm
721 2580 753 2610 in
767 2580 862 2621 qnin-
960 2583 1020 2612 651
1048 2581 1128 2616 Quis
1142 2579 1227 2620 usus]
1253 2579 1461 2610 peritissime
1477 2576 1620 2608 festinat

166 2628 275 2659 decim
293 2628 337 2668 C)
348 2628 399 2668 pri
426 2629 560 2668 oppidis
589 2639 608 2659 a
634 2630 862 2669 l‘liuio,ite1n-
918 2631 1042 2670 Poeta,
1059 2632 1115 2671 qui
1131 2631 1193 2662 sibi
1218 2639 1281 2660 non
1308 2629 1449 2659 multum
1475 2627 1516 2657 ad
1542 2636 1618 2658 nar·

165 2689 230 2719 que
242 2679 314 2709 aliis
327 2684 537 2709 recensetur.
555 2680 678 2709 Verum
692 2689 755 2710 non
770 2680 861 2719 indo,
918 2682 1058 2712 randum
1075 2681 1221 2720 spatium
1239 2688 1313 2709 esse
1330 2677 1518 2717 cognoscit.

165 2730 224 2761 sed
249 2739 291 2760 ex
310 2729 538 2770 Hesperidum
560 2730 677 2767 horus,
691 2731 862 2762 Theocriti
958 2736 1021 2762 652
1044 2729 1160 2769 Signa]
1195 2728 1326 2760 Quibus
1348 2727 1507 2760 currendi
1533 2732 1618 2759 tem-

165 2781 335 2822 interpres
354 2780 424 2812 liaec
442 2780 529 2811 mala
543 2780 646 2811 allata
659 2781 806 2821 scriptit.
917 2791 979 2822 pus
995 2778 1256 2822 significaretur.
