1831 3023
212 252 327 305 1190
699 274 739 305 Ρ.
768 273 929 305 ovmu
961 273 1173 306 NAsoms

214 365 434 419 Accessit,
453 368 691 422 positoque
712 381 822 421 genu
842 368 1017 409 Titania
1036 372 1195 409 terram

214 435 385 476 Pressit
401 449 412 487 3
442 439 491 477 ut
509 436 699 476 hauriret
718 435 886 487 gelidos
906 439 1062 488 potura
1079 437 1285 490 liquores.

215 502 404 544 Rustica
423 505 549 544 turba
569 507 732 543 vetant.
795 502 894 542 Dea
915 504 980 542 sic
1002 503 1133 544 affata
1152 507 1374 545 vetantes:

216 569 337 620 Quid
357 571 597 623 prohibetis
620 570 748 623 aquis
763 570 782 609 Ἰ
813 582 922 609 usus
946 573 1187 612 communis
1209 584 1435 625 aquarum.

215 637 316 677 Nec
339 637 487 677 Solem
508 636 733 690 proprium
756 636 1046 682 Natura‚·nec
1067 637 1171 678 aera
1189 638 1308 689 fecit,
1580 635 1666 678 350

214 703 314 744 Nec
335 707 484 744 tenues
504 704 669 745 undas:
701 704 756 744 ad
778 704 959 756 publica
977 717 1152 744 munera
1171 707 1279 746 veni.

216 770 332 821 Quae
353 776 497 813 tamen
516 777 564 812 ut
583 772 698 811 detis
721 771 1051 824 supplex'peto.
1112 771 1216 812 Non
1235 786 1314 825 ego
1334 776 1504 814 nostros

212 837 402 880 Abluere
423 840 495 879 hic
518 843 653 887 artus,
674 838 927 891 lassataque
943 839 1137 878 membra
1154 840 1395 891 parabam3

215 906 303 946 Sed
322 906 515 947 relevare
538 906 666 946 sitim.
727 903 856 945 Caret
877 918 927 945 os
946 905 1128 945 humore
1149 905 1393 958 loquentis;

213 973 270 1014 Et
290 974 440 1014 fauces
462 976 603 1023 arent3
633 973 798 1026 vixque
821 977 891 1014 est
909 973 982 1014 via
1002 974 1127 1014 vocis
1150 974 1191 1013 in
1214 973 1317 1014 illis.
1580 971 1668 1014 355

212 1039 416 1080 Haustus
437 1051 563 1092 aquae
586 1039 689 1079 mihi
710 1044 859 1080 nectar
876 1040 977 1081 erit:
1009 1041 1230 1093 vitamque
1250 1040 1426 1082 fatebor

211 1106 454 1159 Accepisse
475 1107 628 1157 simu13
659 1106 797 1147 vitam
816 1107 1023 1148 dederitis
1043 1109 1086 1148 in
1116 1108 1247 1149 unda.

212 1173 278 1213 Hi
299 1187 471 1227 quoque
493 1186 574 1214 vos
595 1178 813 1222 moveant,
833 1175 907 1226 qui
928 1178 1073 1214 nostro
1090 1175 1271 1214 brachia
1292 1175 1469 1215 tendunt

212 1240 358 1280 Parva
376 1241 489 1281 sinu.
551 1239 608 1280 Et
628 1253 735 1280 casu
756 1240 990 1280 tendebant
1009 1240 1189 1280 brachia
1209 1241 1310 1282 nati.

214 1306 359 1355 Quem
378 1319 466 1347 non
485 1307 649 1347 blanda
669 1307 782 1347 Deae
802 1307 1046 1359 potuissent
1065 1307 1201 1348 verba
1221 1309 1424 1348 movere?
1583 1307 1668 1350 360

213 1374 279 1413 Hi
301 1379 447 1415 tamen
469 1379 665 1414 orantem
686 1377 886 1426 perstant
906 1375 1159 1427 prohibere:
1190 1376 1434 1428 minasque,

213 1440 277 1480 Ni
297 1441 452 1494 procul
474 1441 705 1490 abscedat,
737 1441 1029 1494 conviciaque
1048 1442 1227 1494 insuper
1247 1442 1426 1483 addunt.

212 1506 310 1548 Nec
332 1508 442 1549 satis
462 1508 569 1549 hoc:
599 1509 721 1562 ipsos
741 1510 872 1548 etiam
892 1508 1170 1561 pedibusque
1190 1522 1410 1562 manuque

212 1574 463 1617 Turbavere
483 1576 628 1617 lacus:
660 1577 840 1628 imoque
862 1589 885 1615 e
905 1576 1072 1628 gurgite
1092 1575 1269 1616 mollem

212 1641 319 1683 Huc
339 1643 442 1683 illuc
461 1644 614 1684 limum
634 1644 748 1683 saltu
771 1655 949 1682 movere
970 1643 1173 1694 maligno.
1582 1642 1668 1684 365

214 1709 401 1751 Distulit
419 1711 485 1750 ira
505 1710 636 1750 sitim.
697 1708 856 1762 Neque
878 1709 995 1749 enim
1009 1708 1105 1762 jam
1126 1708 1218 1749 filia
1238 1707 1340 1748 Coei

214 1776 449 1829 Supplicat
468 1776 683 1828 indignis;
713 1789 791 1816 nec
813 1776 959 1816 dicere
980 1776 1161 1816 sustinet
1180 1776 1292 1816 ultra

209 1896 385 1936 paludibus.
434 1897 557 1929 Titania
573 1899 684 1938 adii-it,
700 1901 729 1929 et
743 1908 826 1938 genu
840 1899 930 1940 flexo
957 1898 1080 1929 demisit
1095 1908 1127 1929 se
1142 1898 1176 1928 in
1199 1901 1337 1934 terrum;
1360 1901 1395 1928 ut
1419 1896 1554 1928 bibitura
1567 1896 1670 1928 trahe-

212 1944 259 1970 ret
280 1940 440 1978 frigidam
468 1952 590 1980 aquam.
635 1945 770 1980 Agreste
793 1952 903 1982 agmen
932 1941 1103 1982 prohibent.
1148 1941 1222 1971 Dea
1259 1941 1304 1971 sic
1339 1943 1384 1971 est
1409 1939 1540 1970 allocuta
1563 1940 1668 1979 prohi-

200 1983 334 2013 bentes:
362 1983 565 2017 Quamobrem
586 1984 719 2014 arceatis·
746 1984 784 2014 ab
798 1983 912 2024 aquis?
933 1994 1005 2014 usus
1028 1992 1176 2023 aquarum
1191 1986 1237 2013 est
1258 1982 1418 2022 publicus:
1442 1992 1538 2021 neque
1553 1985 1668 2012 natura

212 2025 337 2055 addixit
353 2025 494 2064 cuiquam
517 2026 619 2064 solem,
638 2036 732 2066 neque
746 2026 859 2064 aerem,
874 2036 969 2066 neque
983 2035 1076 2066 aquas
1096 2025 1241 2055 subtiles.-
1262 2024 1374 2055 accessi
1388 2025 1428 2055 ad
1442 2025 1521 2054 dona
1535 2034 1668 2054 commu-

201 2066 277 2096 nia.
323 2067 400 2101 Quae
414 2071 516 2097 tamen
533 2077 585 2098 oro
598 2070 727 2107 supplex
748 2072 783 2099 ut
805 2069 986 2099 concedatis.
1030 2068 1102 2106 Ego
1117 2077 1176 2098 non
1192 2067 1324 2097 volebam
1339 2066 1389 2097 hic
1403 2067 1506 2097 lavare
1519 2066 1668 2106 membra,

213 2112 243 2138 et
258 2111 348 2139 artus
362 2110 472 2148 lapsos,
487 2111 538 2139 sed
558 2111 663 2140 sedare
676 2111 764 2141 sitim
774 2121 784 2140 .-
808 2120 840 2141 os
865 2110 1014 2150 loquentis
1038 2113 1083 2140 est
1099 2109 1297 2147 exsiccatum,
1323 2112 1352 2139 et
1366 2112 1499 2147 guttura
1513 2112 1668 2148 arescunt,

213 2154 244 2181 et
261 2151 314 2181 vix
330 2152 423 2181 datur
445 2152 595 2182 transitus
608 2153 687 2182 vocis
701 2153 739 2183 ab
754 2153 829 2183 illis.
875 2153 1018 2183 Haustus
1041 2161 1127 2191 aquoe
1141 2152 1201 2182 erit
1217 2151 1294 2181 mihi
1309 2154 1424 2190 nectar,
1446 2154 1536 2191 atque
1558 2160 1670 2190 agnos-

213 2203 280 2224 cam
294 2194 387 2223 simul
401 2195 550 2234 accepisse
565 2195 677 2225 vitam:
697 2195 895 2235 praebueritis
908 2195 1004 2225 vitam
1020 2194 1052 2224 in
1067 2204 1156 2234 aqua.
1202 2194 1262 2224 Isti
1277 2194 1368 2224 etiam
1383 2203 1435 2224 vos
1449 2193 1601 2232 nwlliant,
1615 2193 1670 2233 qui

208 2236 375 2275 porrigunt
398 2246 509 2276 part-os
524 2237 654 2267 lacertos
668 2247 683 2268 e
699 2241 802 2268 nostro
810 2237 948 2276 gremio:
972 2240 1001 2267 et
1009 2236 1096 2274 sorte
1103 2236 1169 2278 filii
1179 2236 1378 2275 porrigebant
1390 2237 1528 2267 lacerto&
1568 2236 1667 2271 Quem

214 2288 274 2308 non
285 2279 435 2318 potuisset
441 2279 572 2319 flectere
585 2280 662 2310 lenis
677 2280 777 2311 oratio
794 2277 898 2310 Deoe?
943 2280 1004 2309 Isti
1019 2282 1119 2309 tamen
1134 2279 1338 2319 pertinaciter
1353 2281 1460 2309 arcent
1470 2281 1648 2318 precantem
1658 2289 1670 2310 .·

213 2324 304 2360 atque
316 2321 439 2361 insuper
452 2322 602 2360 adjiciunt
619 2323 727 2362 minas,
742 2322 804 2352 nisi
818 2322 922 2362 procul
938 2325 999 2360 eat,
1014 2325 1041 2351 et
1057 2322 1178 2360 probra.
1226 2322 1332 2361 Neque
1357 2321 1441 2351 istud
1465 2321 1562 2351 satis.-
1584 2321 1669 2352 lutu-

214 2363 298 2394 lenta
304 2363 450 2401 fecerunt
464 2365 586 2404 insuper
600 2365 666 2405 ipsa
681 2368 792 2404 stagna
805 2364 933 2404 pedibus
946 2367 976 2394 et
990 2363 1150 2394 manibus.-
1174 2367 1203 2394 et
1219 2364 1276 2394 huc
1304 2364 1376 2394 illuc
1398 2364 1597 2402 agitaverunt
1610 2373 1668 2393 coe-

213 2415 288 2436 num
303 2416 343 2437 ex
358 2407 466 2437 ultimo
479 2407 610 2446 gurgite
633 2408 714 2438 saltu
741 2410 894 2447 protervo.
941 2407 997 2437 Ira
1020 2407 1141 2437 remisit
1167 2406 1271 2437 sitim:
1295 2416 1389 2446 neque
1411 2415 1482 2436 vero
1501 2405 1573 2444 jam
1591 2405 1669 2446 filia

216 2448 283 2480 Coei
295 2453 441 2489 precatur
458 2449 625 2480 immeritos
635 2460 646 2486 ,·
667 2460 762 2490 neque
774 2452 876 2490 potest
903 2450 1031 2489 amplius
1058 2449 1199 2490 proferre
1223 2459 1310 2480 voces
1331 2448 1509 2479 humiliores
1524 2448 1619 2478 Dea.-
1636 2451 1667 2479 et

825 2542 1060 2553 eeeeeeeeeeee

216 2617 292 2639 cum
313 2607 400 2638 hanc
418 2617 510 2638 suam
528 2607 615 2647 conj.
632 2617 698 2637 uno
715 2607 862 2637 Strozzae
884 2608 950 2638 Ms.
967 2606 1199 2637 confirmatam
1215 2607 1476 2638 vidisset.-348
1499 2605 1570 2637 Alii
1583 2606 1667 2639 turb.

215 2652 419 2681 vetat—349
441 2650 539 2690 Aquis
553 2650 670 2680 Burm.
697 2651 827 2690 recepit
857 2659 899 2680 ex
927 2649 977 2680 Fl.
1000 2651 1033 2680 S.
1063 2650 1186 2684 Marci,
1203 2660 1254 2689 pr.
1270 2650 1313 2680 N.
1332 2659 1382 2690 pr.
1398 2649 1473 2680 Pal.
1489 2658 1541 2688 pr.
1555 2649 1599 2680 V.
1615 2659 1667 2689 pr.

201 2692 351 2723 'Ei-furt.
368 2698 402 2723 et
419 2699 550 2732 septem
567 2693 660 2730 aliis3
688 2693 776 2732 vulg.
791 2695 1004 2732 aquas.-—357
1029 2692 1138 2730 Marg.
1154 2692 1217 2723 Ed.
1232 2693 1356 2723 Venet.
1379 2691 1438 2723 vit.
1453 2691 1600 2722 tribuetis
1611 2692 1666 2723 in.-

216 2735 316 2766 Cant.
333 2740 368 2766 et
393 2735 521 2766 Thuan.
536 2735 724 2774 proestabitis
737 2736 829 2765 unda.
863 2735 966 2765 Multi
994 2744 1128 2775 qnoque
1162 2735 1196 2764 in
1218 2734 1428 2766 undis—360
1451 2734 1497 2765 N.
1519 2738 1556 2764 et
1571 2733 1667 2766 Med.

217 2787 301 2808 unus
319 2777 403 2812 Quos
418 2780 595 2808 nom—363
620 2777 722 2809 Olim.
749 2776 828 2808 edd.
856 2778 934 2808 satis
956 2780 1012 2816 est,
1037 2783 1072 2807 et
1098 2777 1147 2808 ita
1172 2776 1309 2817 plurimi
1330 2775 1569 2817 scripti.—366
1591 2775 1668 2808 Lib.

218 2820 338 2860 scripti
353 2819 497 2861 Ciofani,
521 2820 667 2861 Capran.
685 2825 720 2852 et
736 2820 791 2851 alii
814 2820 949 2852 Sustulit
972 2819 1021 2850 ira
1036 2830 1048 2858 ,·
1068 2819 1174 2851 Grou.
1197 2819 1346 2851 Abstulit.
1368 2818 1518 2852 Berolin.
1539 2827 1667 2851 nectum
