1831 3023
511 201 982 235 METAMORPHOSEON
1019 203 1114 232 Lm.
1148 205 1234 233 vn.
1486 196 1598 238 1271

146 295 222 337 Me
240 311 413 352 quoque
432 296 679 339 muneribus
695 309 706 345 ;
736 295 775 334 si
793 306 976 335 munera
998 297 1121 335 tanta
1140 294 1353 335 darentur.
1513 300 1600 340 750

146 363 251 405 Hoc
273 366 374 406 mihi
395 362 615 411 confesso,
635 361 793 402 laesum
812 362 935 414 prius
955 361 1044 402 ulta
1065 361 1292 414 pudorem,

145 429 374 480 Redditur,
402 434 445 470 et
464 428 617 468 dulces
638 427 913 469 concorditer
934 428 1070 481 exigit
1089 440 1244 469 annos.

146 497 234 538 Dat
254 498 359 538 mihi
378 499 604 550 praeterea,
625 497 832 547 tanquam
854 509 901 536 se
922 508 1060 550 parva
1080 495 1277 537 dedisset

143 563 288 614 Dona,
311 576 463 606 canem
482 574 662 602 munus:
695 575 825 614 quem
848 577 948 604 cum
969 576 1052 604 sua
1073 563 1262 604 traderet
1280 560 1344 604 illi

143 629 345 684 Cynthia,
367 627 588 671 Currendo
609 629 850 682 superabit,
872 630 1061 680 dixerat,
1083 642 1252 672 omnes.
1515 630 1600 671 '755

143 697 234 738 Dat
255 697 385 737 simul
404 700 447 737 et
460 694 685 750 jaculum3
715 697 922 737 manibus
943 697 1060 750 quod
1081 694 1269 752 (cernis)
1288 695 1515 738 habemus.

200 763 399 805 Muneris
421 762 602 804 alterius
623 775 722 816 quae
743 764 800 804 sit
818 764 991 805 fortuna
1013 764 1232 818 requiris?

140 829 328 884 Accipe.
390 829 583 871 Mirandi
602 831 798 872 novitate
818 833 1049 873 movebere
1071 832 1194 874 sacti.

320 1029 438 1071 ΕΑΒ.
465 1028 713 1071 XXVIII.
775 1029 908 1071 Canis
931 1035 973 1072 et
987 1030 1159 1086 Vulpes
1180 1032 1224 1072 in
1245 1030 1429 1072 Saxum.

139 1138 324 1179 THEBAM,
357 1139 545 1170 Naiadibus
577 1139 816 1181 Nymphisque
848 1138 962 1171 futura
989 1140 1272 1181 praedicentibus,
1297 1138 1472 1172 Themidis
1502 1138 1602 1179 Dea',

181 1191 327 1224 obscura
342 1191 454 1223 dantis
477 1202 650 1234 responsa,
674 1193 837 1234 templum
865 1197 1076 1226 everterunt.
1119 1193 1303 1235 Indignata
1319 1193 1394 1224 Dea
1416 1191 1525 1223 feram
1542 1191 1602 1223 im-

180 1245 283 1285 misit,
296 1256 371 1287 quae
383 1255 508 1287 pecora
516 1251 552 1278 et
568 1251 722 1287 agrestes
737 1247 897 1278 vexabat.
924 1245 978 1278 Ad
993 1257 1093 1289 quam
1104 1246 1364 1288 opprimendam
1381 1254 1457 1276 cum
1471 1245 1603 1285 reliqua

182 1297 330 1330 Graeciae
341 1299 526 1339 juventute
551 1300 712 1330 convenit
735 1300 918 1340 Cephalus,
941 1309 1017 1331 eum
1028 1300 1143 1340 jaculo
1159 1305 1195 1330 et
1212 1299 1351 1338 Laelape
1367 1306 1466 1336 cane,
1483 1306 1502 1327 a
1517 1297 1603 1327 Pro-

182 1351 275 1382 eride
290 1356 446 1392 accepto.
492 1352 561 1384 Qui
575 1361 652 1382 cum
668 1352 788 1383 missus
805 1353 939 1392 vulpem
958 1355 1238 1393 persequeretur,
1256 1354 1415 1392 essetque
1431 1349 1603 1390 Cephalus

180 1403 286 1434 telum
302 1404 533 1444 conjectatus,
550 1408 733 1444 utrumque
750 1404 884 1445 aspexit
901 1403 934 1434 in
951 1412 1067 1435 saxum
1083 1406 1343 1434 commutatum.

139 1485 402 1545 Cianum
424 1503 619 1546 Laiades
639 1517 726 1545 non
745 1505 966 1547 intellecta
986 1505 1180 1560 priorum

136 1614 253 1646 crimen
265 1614 370 1646 venire
385 1615 498 1647 oblatis
520 1616 622 1654 donis,
648 1615 801 1657 siquidem
827 1619 917 1648 tanta
943 1617 1023 1647 dona
1048 1614 1249 1656 offerrentur.
1294 1612 1391 1644 Redit
1406 1613 1447 1643 ad
1463 1623 1509 1645 me
1522 1617 1604 1654 post·

137 1667 227 1697 quam
242 1667 279 1688 ea
293 1658 499 1697 agnovissem,
512 1663 585 1690 ante
597 1658 664 1690 alta
674 1659 822 1700 pudorem
833 1659 1006 1700 offensum;
1029 1664 1123 1698 atque
1134 1655 1291 1688 unanimis
1305 1655 1495 1686 transmittit
1510 1667 1604 1687 annos

137 1699 295 1731 natabiles.
341 1700 411 1732 Dat
426 1701 503 1731 mihi
519 1701 657 1741 insuper,
669 1701 786 1741 (sicuti
802 1702 935 1733 dedisset
948 1711 979 1732 se
992 1706 1150 1742 tanquam
1167 1699 1316 1737 exiguum
1326 1698 1471 1737 manus,)
1484 1708 1603 1736 canem,

138 1751 228 1780 quem
242 1751 309 1772 cum
323 1751 380 1772 sua
395 1743 504 1774 Diana
531 1743 580 1773 illi
606 1745 706 1782 daret,
727 1744 867 1782 dixerat,
894 1746 1076 1775 Antevertet
1102 1744 1226 1773 cunctos
1240 1750 1342 1771 cursu.
1388 1741 1500 1772 Tradit
1523 1741 1605 1771 mihi

140 1792 202 1814 una
217 1785 324 1821 celum,
348 1786 441 1824 qaod,
463 1790 500 1816 ut
522 1785 618 1823 vides,
641 1789 812 1816 tractamus
826 1786 977 1818 manibus.
1024 1785 1130 1816 Poscis
1145 1794 1212 1824 quoe
1227 1783 1268 1814 sit
1283 1792 1347 1813 sors
1361 1783 1492 1813 alterius
1503 1783 1576 1814 doni
1590 1781 1606 1816 3

141 1826 241 1858 Audi.
287 1826 438 1865 Tangeris
454 1827 684 1864 natitatesacti
699 1829 854 1867 stupendi.

185 1876 316 1900 xxviii.
334 1869 466 1900 Laiades
477 1869 668 1910 explicuerat
680 1879 787 1901 versus
799 1880 857 1901 non
870 1869 1100 1911 comprehensos
1108 1868 1246 1899 acumine
1253 1867 1406 1908 priorum,
1415 1869 1508 1906 atque
1520 1869 1605 1898 vates

752 1953 988 1965 eeeeeeeeeeee

138 2005 386 2051 operam-7751.
407 2001 480 2051 Alii.
502 2003 583 2034 Ha’c
608 2003 805 2050 νηὶὴὲ.-7.ἥ2
829 2003 971 2052 Plurimi
1000 2003 1139 2051 concord.
1168 2002 1405 2050 egimus—7353
1430 1999 1473 2031 Se
1495 2008 1542 2072 ex
1553 1999 1602 2072 Ἦ.

138 2043 269 2127 {2¹3¹OE
267 2044 850 2128 3335{33322‘353555321‘522’23
861 2043 1532 2132 {2³:2¹⁰*1‘3’53'22'13252235133'1222222‘28
1546 2051 1603 2115 gie

139 2128 262 2162 Heius.
277 2129 410 2161 emend.
428 2131 517 2172 vulg.
532 2130 647 2171 Accipe
674 2131 863 2170 mirandam,
880 2132 1040 2169 {Sc—759
1064 2129 1227 2162 Nonnulli
1256 2128 1362 2159 Carm.
1380 2127 1533 2168 Naiadas,
1548 2128 1602 2159 vel

795 2226 935 2259 NOTAE

180 2303 240 2332 751
268 2300 353 2341 Hoc]
379 2300 457 2332 Non
475 2304 588 2332 tamen
605 2301 686 2333 satis
708 2306 841 2342 aperte,

139 2361 249 2393 neque
264 2352 314 2383 uti
339 2361 441 2392 supra
463 2351 708 2384 indicavimus:
732 2363 806 2385 sese
822 2363 842 2384 a

139 2401 257 2433 Procri
284 2401 467 2442 deceptum
492 2402 772 2444 ingeniosissime,
805 2408 841 2435 at

139 2451 279 2484 obscure
294 2451 435 2484 fatetur.

181 2505 242 2533 ⁷5⁵
263 2502 415 2543 Cynthia]
434 2502 557 2541 Diana,
577 2512 595 2532 a
611 2503 748 2543 Cyntho
763 2503 840 2535 Deli

140 2553 256 2584 insulae
273 2559 401 2592 moute,
417 2553 472 2584 ubi
490 2557 570 2584 nata
582 2553 719 2585 dicitur.

181 2605 244 2634 ‘15⁷
270 2603 426 2644 Alterius]
450 2604 550 2635 Canis
566 2613 699 2645 nempe.

182 2655 247 2683 7⁵0
261 2654 423 2694 Carmina]
438 2654 570 2686 Quibus
580 2655 738 2696 Sphingis
750 2665 842 2687 mon-

144 2703 206 2734 stri
243 2712 286 2733 ex
321 2703 490 2744 Typhone
520 2709 556 2735 et
588 2705 739 2737 Echidna
771 2707 843 2738 nati

143 2754 287 2796 enigma
296 2753 549 2787 continebatur.
564 2754 718 2789 Montem
727 2756 846 2800 Sphin-

898 2303 989 2343 gium
1007 2302 1112 2343 juxta
1127 2300 1262 2332 Thebas
1276 2299 1408 2341 Sphinx
1435 2299 1491 2330 illa
1515 2300 1602 2332 inse-

897 2354 1009 2393 derat,
1025 2352 1114 2384 unde
1141 2353 1174 2384 in
1198 2351 1342 2382 viatores
1365 2351 1529 2391 impetum
1556 2350 1603 2382 fa-

897 2415 975 2436 cere
993 2403 1136 2436 solebat.
1165 2403 1174 2419 ‘
1193 2402 1372 2435 Quodnam
1397 2401 1480 2432 illud
1509 2406 1603 2432 esset

896 2456 1032 2496 animal,
1049 2454 1140 2496 quod
1165 2461 1262 2484 mane
1282 2452 1489 2494 quadrupes,
1504 2453 1602 2482 meri-

896 2507 951 2538 die
977 2506 1087 2547 bipes,
1115 2504 1249 2545 vesperi
1275 2504 1381 2544 tripes
1405 2502 1532 2534 esset?
1554 2502 1603 2532 in-

894 2556 1116 2597 terrogabat:
1142 2554 1196 2586 cui
1222 2554 1270 2586 rei
1296 2563 1372 2585 cum
1390 2553 1500 2583 nullus
1525 2561 1601 2591 pos-

897 2611 950 2638 set
979 2604 1189 2644 satisfacere,
1224 2603 1398 2644 imperitos
1440 2600 1602 2634 laniabat.

898 2657 1055 2697 AEnigma
1080 2665 1161 2687 vero
1184 2653 1337 2684 dissolvit
1363 2650 1519 2690 OEdipus,
1543 2652 1601 2692 qui

896 2707 906 2725 ‘
927 2707 1108 2738 Hominem
1131 2703 1254 2735 animal
1278 2700 1368 2732 istud
1383 2699 1481 2741 esse,'
1499 2700 1603 2742 dixit,

898 2757 941 2789 de
966 2765 1032 2799 quo
1062 2754 1191 2796 Sphinx
1219 2750 1446 2795 loquebatur;
1478 2750 1604 2795 ‘siqui-
