<?xml version="1.0" encoding="UTF-8"?>
<!DOCTYPE html PUBLIC "-//W3C//DTD XHTML 1.0 Transitional//EN"
    "http://www.w3.org/TR/xhtml1/DTD/xhtml1-transitional.dtd">
<html xmlns="http://www.w3.org/1999/xhtml" xml:lang="en" lang="en">
 <head>
  <title>
</title>
<meta http-equiv="Content-Type" content="text/html;charset=utf-8" />
  <meta name='ocr-system' content='tesseract 3.04.00' />
  <meta name='ocr-capabilities' content='ocr_page ocr_carea ocr_par ocr_line ocrx_word'/>
</head>
<body>
  <div class='ocr_page' id='page_1' title='image "./operaomniaexedit03oviduoft_0372.png"; bbox 0 0 1831 3023; ppageno 0'>
   <div class='ocr_carea' id='block_1_1' title="bbox 224 179 1190 221">
    <p class='ocr_par' dir='ltr' id='par_1_1' title="bbox 224 179 1190 221">
     <span class='ocr_line' id='line_1_1' title="bbox 224 179 1190 221; baseline -0.001 0"><span class='ocrx_word' id='word_1_1' title='bbox 224 179 337 221; x_wconf 82' lang='lat'>1436</span> <span class='ocrx_word' id='word_1_2' title='bbox 709 192 750 221; x_wconf 86' lang='lat' dir='ltr'>P.</span> <span class='ocrx_word' id='word_1_3' title='bbox 784 190 943 221; x_wconf 81' lang='lat' dir='ltr'>ovmu</span> <span class='ocrx_word' id='word_1_4' title='bbox 977 190 1190 221; x_wconf 82' lang='lat' dir='ltr'>NASONIS</span> 
     </span>
    </p>
   </div>
   <div class='ocr_carea' id='block_1_2' title="bbox 223 284 1686 1547">
    <p class='ocr_par' dir='ltr' id='par_1_2' title="bbox 226 284 1487 405">
     <span class='ocr_line' id='line_1_2' title="bbox 226 284 1487 340; baseline -0.002 -13"><span class='ocrx_word' id='word_1_5' title='bbox 226 284 351 327; x_wconf 89' lang='lat' dir='ltr'>Mors</span> <span class='ocrx_word' id='word_1_6' title='bbox 370 286 528 339; x_wconf 88' lang='lat' dir='ltr'>placet.</span> <span class='ocrx_word' id='word_1_7' title='bbox 589 285 801 340; x_wconf 86' lang='lat' dir='ltr'>Erigitur:</span> <span class='ocrx_word' id='word_1_8' title='bbox 831 287 1078 340; x_wconf 80' lang='lat' dir='ltr'>laqueoque</span> <span class='ocrx_word' id='word_1_9' title='bbox 1098 287 1317 327; x_wconf 83' lang='lat' dir='ltr'>innectere</span> <span class='ocrx_word' id='word_1_10' title='bbox 1336 284 1487 326; x_wconf 81' lang='lat' dir='ltr'>fauces</span> 
     </span>
     <span class='ocr_line' id='line_1_3' title="bbox 226 353 1310 405; baseline -0.004 -10"><span class='ocrx_word' id='word_1_11' title='bbox 226 353 456 404; x_wconf 82' lang='lat' dir='ltr'>Destinat3</span> <span class='ocrx_word' id='word_1_12' title='bbox 489 356 544 402; x_wconf 92' lang='lat' dir='ltr'>et,</span> <span class='ocrx_word' id='word_1_13' title='bbox 566 366 676 394; x_wconf 90' lang='lat' dir='ltr'>zona</span> <span class='ocrx_word' id='word_1_14' title='bbox 693 366 861 393; x_wconf 90' lang='lat' dir='ltr'>summo</span> <span class='ocrx_word' id='word_1_15' title='bbox 883 353 936 392; x_wconf 92' lang='lat' dir='ltr'>de</span> <span class='ocrx_word' id='word_1_16' title='bbox 958 357 1084 405; x_wconf 83' lang='lat' dir='ltr'>poste</span> <span class='ocrx_word' id='word_1_17' title='bbox 1103 353 1310 401; x_wconf 89' lang='lat' dir='ltr'>revincta,</span> 
     </span>
    </p>

    <p class='ocr_par' dir='ltr' id='par_1_3' title="bbox 225 416 1678 537">
     <span class='ocr_line' id='line_1_4' title="bbox 225 416 1678 472; baseline -0.002 -11"><span class='ocrx_word' id='word_1_18' title='bbox 225 420 338 461; x_wconf 85' lang='lat' dir='ltr'>Care</span> <span class='ocrx_word' id='word_1_19' title='bbox 358 421 455 461; x_wconf 82' lang='lat' dir='ltr'>vale</span> <span class='ocrx_word' id='word_1_20' title='bbox 478 419 653 472; x_wconf 84' lang='lat' dir='ltr'>Cinyra,</span> <span class='ocrx_word' id='word_1_21' title='bbox 676 431 944 470; x_wconf 80' lang='lat' dir='ltr'>causamque</span> <span class='ocrx_word' id='word_1_22' title='bbox 964 419 1150 472; x_wconf 84' lang='lat' dir='ltr'>intellige</span> <span class='ocrx_word' id='word_1_23' title='bbox 1170 418 1333 468; x_wconf 90' lang='lat' dir='ltr'>mortis,</span> <span class='ocrx_word' id='word_1_24' title='bbox 1591 416 1678 458; x_wconf 85' lang='lat'>380</span> 
     </span>
     <span class='ocr_line' id='line_1_5' title="bbox 228 484 1202 537; baseline -0.001 -9"><span class='ocrx_word' id='word_1_25' title='bbox 228 487 380 528; x_wconf 81' lang='lat' dir='ltr'>Dixit:</span> <span class='ocrx_word' id='word_1_26' title='bbox 412 489 453 526; x_wconf 89' lang='lat' dir='ltr'>et</span> <span class='ocrx_word' id='word_1_27' title='bbox 474 485 658 536; x_wconf 84' lang='lat' dir='ltr'>aptabat</span> <span class='ocrx_word' id='word_1_28' title='bbox 677 484 858 537; x_wconf 88' lang='lat' dir='ltr'>pallenti</span> <span class='ocrx_word' id='word_1_29' title='bbox 878 485 1053 526; x_wconf 84' lang='lat' dir='ltr'>vincula</span> <span class='ocrx_word' id='word_1_30' title='bbox 1073 486 1202 527; x_wconf 90' lang='lat' dir='ltr'>collo.</span> 
     </span>
    </p>

    <p class='ocr_par' dir='ltr' id='par_1_4' title="bbox 226 551 1254 594">
     <span class='ocr_line' id='line_1_6' title="bbox 226 551 1254 594; baseline -0.001 -1"><span class='ocrx_word' id='word_1_31' title='bbox 226 554 452 594; x_wconf 87' lang='lat' dir='ltr'>Murmura</span> <span class='ocrx_word' id='word_1_32' title='bbox 472 551 698 591; x_wconf 86' lang='lat' dir='ltr'>verborum</span> <span class='ocrx_word' id='word_1_33' title='bbox 721 551 830 591; x_wconf 90' lang='lat' dir='ltr'>fidas</span> <span class='ocrx_word' id='word_1_34' title='bbox 851 552 1032 593; x_wconf 87' lang='lat' dir='ltr'>nutricis</span> <span class='ocrx_word' id='word_1_35' title='bbox 1053 553 1108 593; x_wconf 88' lang='lat' dir='ltr'>ad</span> <span class='ocrx_word' id='word_1_36' title='bbox 1129 565 1254 594; x_wconf 89' lang='lat' dir='ltr'>aures</span> 
     </span>
    </p>

    <p class='ocr_par' dir='ltr' id='par_1_5' title="bbox 225 617 1273 667">
     <span class='ocr_line' id='line_1_7' title="bbox 225 617 1273 667; baseline -0.002 -7"><span class='ocrx_word' id='word_1_37' title='bbox 225 619 490 660; x_wconf 84' lang='lat' dir='ltr'>Pervenisse</span> <span class='ocrx_word' id='word_1_38' title='bbox 511 617 668 667; x_wconf 86' lang='lat' dir='ltr'>ferunt,</span> <span class='ocrx_word' id='word_1_39' title='bbox 689 619 818 659; x_wconf 88' lang='lat' dir='ltr'>limen</span> <span class='ocrx_word' id='word_1_40' title='bbox 836 621 1050 662; x_wconf 87' lang='lat' dir='ltr'>servantis</span> <span class='ocrx_word' id='word_1_41' title='bbox 1071 621 1273 661; x_wconf 74' lang='lat' dir='ltr'>alumnae.</span> 
     </span>
    </p>

    <p class='ocr_par' dir='ltr' id='par_1_6' title="bbox 225 686 1680 873">
     <span class='ocr_line' id='line_1_8' title="bbox 225 686 1409 741; baseline 0.001 -16"><span class='ocrx_word' id='word_1_42' title='bbox 225 686 372 738; x_wconf 86' lang='lat' dir='ltr'>Surgit</span> <span class='ocrx_word' id='word_1_43' title='bbox 394 698 517 735; x_wconf 89' lang='lat' dir='ltr'>anus,</span> <span class='ocrx_word' id='word_1_44' title='bbox 539 690 787 740; x_wconf 87' lang='lat' dir='ltr'>reseratque</span> <span class='ocrx_word' id='word_1_45' title='bbox 808 687 952 728; x_wconf 84' lang='lat' dir='ltr'>fores:</span> <span class='ocrx_word' id='word_1_46' title='bbox 984 689 1225 741; x_wconf 83' lang='lat' dir='ltr'>mortisque</span> <span class='ocrx_word' id='word_1_47' title='bbox 1243 689 1409 740; x_wconf 85' lang='lat' dir='ltr'>paratae</span> 
     </span>
     <span class='ocr_line' id='line_1_9' title="bbox 225 750 1680 806; baseline -0.001 -13"><span class='ocrx_word' id='word_1_48' title='bbox 225 753 522 793; x_wconf 88' lang='lat' dir='ltr'>Instrumenta</span> <span class='ocrx_word' id='word_1_49' title='bbox 542 753 710 802; x_wconf 82' lang='lat' dir='ltr'>videns,</span> <span class='ocrx_word' id='word_1_50' title='bbox 733 755 878 806; x_wconf 88' lang='lat' dir='ltr'>spatio</span> <span class='ocrx_word' id='word_1_51' title='bbox 901 755 1146 794; x_wconf 85' lang='lat' dir='ltr'>conclamat</span> <span class='ocrx_word' id='word_1_52' title='bbox 1166 755 1336 804; x_wconf 90' lang='lat' dir='ltr'>eodem,</span> <span class='ocrx_word' id='word_1_53' title='bbox 1595 750 1680 793; x_wconf 84' lang='lat'>385</span> 
     </span>
     <span class='ocr_line' id='line_1_10' title="bbox 225 819 1314 873; baseline -0.001 -12"><span class='ocrx_word' id='word_1_54' title='bbox 225 820 371 873; x_wconf 90' lang='lat' dir='ltr'>Seque</span> <span class='ocrx_word' id='word_1_55' title='bbox 393 819 505 869; x_wconf 88' lang='lat' dir='ltr'>ferit,</span> <span class='ocrx_word' id='word_1_56' title='bbox 522 820 764 872; x_wconf 86' lang='lat' dir='ltr'>scinditque</span> <span class='ocrx_word' id='word_1_57' title='bbox 785 820 918 868; x_wconf 86' lang='lat' dir='ltr'>sinus,</span> <span class='ocrx_word' id='word_1_58' title='bbox 941 825 1177 873; x_wconf 89' lang='lat' dir='ltr'>ereptaque</span> <span class='ocrx_word' id='word_1_59' title='bbox 1198 821 1314 860; x_wconf 92' lang='lat' dir='ltr'>collo</span> 
     </span>
    </p>

    <p class='ocr_par' dir='ltr' id='par_1_7' title="bbox 223 886 1360 940">
     <span class='ocr_line' id='line_1_11' title="bbox 223 886 1360 940; baseline 0.001 -14"><span class='ocrx_word' id='word_1_60' title='bbox 223 887 418 927; x_wconf 89' lang='lat' dir='ltr'>Vincula</span> <span class='ocrx_word' id='word_1_61' title='bbox 434 888 632 928; x_wconf 88' lang='lat' dir='ltr'>dilaniat.</span> <span class='ocrx_word' id='word_1_62' title='bbox 692 886 806 927; x_wconf 84' lang='lat' dir='ltr'>Tum</span> <span class='ocrx_word' id='word_1_63' title='bbox 827 886 1015 940; x_wconf 89' lang='lat' dir='ltr'>denique</span> <span class='ocrx_word' id='word_1_64' title='bbox 1035 887 1136 927; x_wconf 90' lang='lat' dir='ltr'>flere</span> <span class='ocrx_word' id='word_1_65' title='bbox 1159 887 1360 937; x_wconf 77' lang='lat' dir='ltr'>vacavit3</span> 
     </span>
    </p>

    <p class='ocr_par' dir='ltr' id='par_1_8' title="bbox 224 954 1472 1008">
     <span class='ocr_line' id='line_1_12' title="bbox 224 954 1472 1008; baseline -0.001 -12"><span class='ocrx_word' id='word_1_66' title='bbox 224 955 337 996; x_wconf 89' lang='lat' dir='ltr'>Tum</span> <span class='ocrx_word' id='word_1_67' title='bbox 359 955 461 996; x_wconf 88' lang='lat' dir='ltr'>dare</span> <span class='ocrx_word' id='word_1_68' title='bbox 484 955 761 1007; x_wconf 82' lang='lat' dir='ltr'>complexus,</span> <span class='ocrx_word' id='word_1_69' title='bbox 782 954 1018 1008; x_wconf 89' lang='lat' dir='ltr'>laqueique</span> <span class='ocrx_word' id='word_1_70' title='bbox 1038 954 1258 1008; x_wconf 86' lang='lat' dir='ltr'>requirere</span> <span class='ocrx_word' id='word_1_71' title='bbox 1278 966 1472 995; x_wconf 88' lang='lat' dir='ltr'>causam.</span> 
     </span>
    </p>

    <p class='ocr_par' dir='ltr' id='par_1_9' title="bbox 225 1020 1281 1075">
     <span class='ocr_line' id='line_1_13' title="bbox 225 1020 1281 1075; baseline 0.001 -14"><span class='ocrx_word' id='word_1_72' title='bbox 225 1020 356 1062; x_wconf 89' lang='lat' dir='ltr'>Muta</span> <span class='ocrx_word' id='word_1_73' title='bbox 377 1023 475 1062; x_wconf 86' lang='lat' dir='ltr'>silet</span> <span class='ocrx_word' id='word_1_74' title='bbox 493 1023 628 1074; x_wconf 82' lang='lat' dir='ltr'>virgo,</span> <span class='ocrx_word' id='word_1_75' title='bbox 652 1026 897 1075; x_wconf 82' lang='lat' dir='ltr'>terramque</span> <span class='ocrx_word' id='word_1_76' title='bbox 914 1023 1094 1063; x_wconf 88' lang='lat' dir='ltr'>immota</span> <span class='ocrx_word' id='word_1_77' title='bbox 1114 1025 1281 1063; x_wconf 84' lang='lat' dir='ltr'>tuetur:</span> 
     </span>
    </p>

    <p class='ocr_par' dir='ltr' id='par_1_10' title="bbox 225 1085 1682 1209">
     <span class='ocr_line' id='line_1_14' title="bbox 225 1085 1682 1142; baseline -0.001 -14"><span class='ocrx_word' id='word_1_78' title='bbox 225 1088 282 1130; x_wconf 90' lang='lat' dir='ltr'>Et</span> <span class='ocrx_word' id='word_1_79' title='bbox 302 1089 523 1142; x_wconf 87' lang='lat' dir='ltr'>deprensa</span> <span class='ocrx_word' id='word_1_80' title='bbox 539 1089 657 1129; x_wconf 88' lang='lat' dir='ltr'>dolet</span> <span class='ocrx_word' id='word_1_81' title='bbox 675 1089 814 1129; x_wconf 86' lang='lat' dir='ltr'>tardae</span> <span class='ocrx_word' id='word_1_82' title='bbox 839 1090 1064 1129; x_wconf 86' lang='lat' dir='ltr'>conamina</span> <span class='ocrx_word' id='word_1_83' title='bbox 1081 1089 1246 1129; x_wconf 89' lang='lat' dir='ltr'>mortis.</span> <span class='ocrx_word' id='word_1_84' title='bbox 1595 1085 1682 1127; x_wconf 82' lang='lat'>390</span> 
     </span>
     <span class='ocr_line' id='line_1_15' title="bbox 226 1155 1339 1209; baseline 0.002 -14"><span class='ocrx_word' id='word_1_85' title='bbox 226 1155 369 1197; x_wconf 86' lang='lat' dir='ltr'>Instat</span> <span class='ocrx_word' id='word_1_86' title='bbox 386 1169 519 1207; x_wconf 87' lang='lat' dir='ltr'>anus3</span> <span class='ocrx_word' id='word_1_87' title='bbox 552 1169 775 1209; x_wconf 87' lang='lat' dir='ltr'>canosque</span> <span class='ocrx_word' id='word_1_88' title='bbox 796 1169 917 1206; x_wconf 92' lang='lat' dir='ltr'>suos,</span> <span class='ocrx_word' id='word_1_89' title='bbox 939 1160 982 1197; x_wconf 90' lang='lat' dir='ltr'>et</span> <span class='ocrx_word' id='word_1_90' title='bbox 1001 1156 1148 1196; x_wconf 87' lang='lat' dir='ltr'>inania</span> <span class='ocrx_word' id='word_1_91' title='bbox 1168 1156 1339 1197; x_wconf 86' lang='lat' dir='ltr'>nudans</span> 
     </span>
    </p>

    <p class='ocr_par' dir='ltr' id='par_1_11' title="bbox 226 1223 1357 1277">
     <span class='ocr_line' id='line_1_16' title="bbox 226 1223 1357 1277; baseline 0 -14"><span class='ocrx_word' id='word_1_92' title='bbox 226 1223 390 1273; x_wconf 87' lang='lat' dir='ltr'>Ubera,</span> <span class='ocrx_word' id='word_1_93' title='bbox 413 1237 489 1276; x_wconf 92' lang='lat' dir='ltr'>per</span> <span class='ocrx_word' id='word_1_94' title='bbox 510 1236 646 1264; x_wconf 89' lang='lat' dir='ltr'>cunas</span> <span class='ocrx_word' id='word_1_95' title='bbox 669 1223 957 1276; x_wconf 85' lang='lat' dir='ltr'>alimentaque</span> <span class='ocrx_word' id='word_1_96' title='bbox 976 1223 1117 1276; x_wconf 88' lang='lat' dir='ltr'>prima</span> <span class='ocrx_word' id='word_1_97' title='bbox 1136 1229 1357 1277; x_wconf 86' lang='lat' dir='ltr'>precatur,</span> 
     </span>
    </p>

    <p class='ocr_par' dir='ltr' id='par_1_12' title="bbox 227 1290 1449 1410">
     <span class='ocr_line' id='line_1_17' title="bbox 227 1290 1449 1344; baseline 0.001 -13"><span class='ocrx_word' id='word_1_98' title='bbox 227 1290 289 1331; x_wconf 89' lang='lat' dir='ltr'>Ut</span> <span class='ocrx_word' id='word_1_99' title='bbox 309 1291 395 1331; x_wconf 89' lang='lat' dir='ltr'>sibi</span> <span class='ocrx_word' id='word_1_100' title='bbox 417 1291 677 1340; x_wconf 84' lang='lat' dir='ltr'>committat,</span> <span class='ocrx_word' id='word_1_101' title='bbox 700 1291 910 1343; x_wconf 90' lang='lat' dir='ltr'>quicquid</span> <span class='ocrx_word' id='word_1_102' title='bbox 929 1290 1063 1331; x_wconf 86' lang='lat' dir='ltr'>dolet.</span> <span class='ocrx_word' id='word_1_103' title='bbox 1124 1291 1208 1332; x_wconf 89' lang='lat' dir='ltr'>Illa</span> <span class='ocrx_word' id='word_1_104' title='bbox 1226 1295 1449 1344; x_wconf 84' lang='lat' dir='ltr'>rogantem</span> 
     </span>
     <span class='ocr_line' id='line_1_18' title="bbox 230 1356 1328 1410; baseline 0.002 -13"><span class='ocrx_word' id='word_1_105' title='bbox 230 1356 446 1398; x_wconf 86' lang='lat' dir='ltr'>Aversata</span> <span class='ocrx_word' id='word_1_106' title='bbox 467 1359 610 1409; x_wconf 84' lang='lat' dir='ltr'>gemit.</span> <span class='ocrx_word' id='word_1_107' title='bbox 671 1357 803 1397; x_wconf 87' lang='lat' dir='ltr'>Certa</span> <span class='ocrx_word' id='word_1_108' title='bbox 823 1361 891 1398; x_wconf 93' lang='lat' dir='ltr'>est</span> <span class='ocrx_word' id='word_1_109' title='bbox 910 1359 1137 1410; x_wconf 84' lang='lat' dir='ltr'>exquirere</span> <span class='ocrx_word' id='word_1_110' title='bbox 1158 1359 1328 1399; x_wconf 85' lang='lat' dir='ltr'>nutrix:</span> 
     </span>
    </p>

    <p class='ocr_par' dir='ltr' id='par_1_13' title="bbox 229 1424 1686 1547">
     <span class='ocr_line' id='line_1_19' title="bbox 229 1424 1686 1479; baseline 0.002 -14"><span class='ocrx_word' id='word_1_111' title='bbox 229 1424 328 1465; x_wconf 89' lang='lat' dir='ltr'>Nec</span> <span class='ocrx_word' id='word_1_112' title='bbox 350 1425 490 1466; x_wconf 88' lang='lat' dir='ltr'>solam</span> <span class='ocrx_word' id='word_1_113' title='bbox 512 1424 726 1478; x_wconf 88' lang='lat' dir='ltr'>spondere</span> <span class='ocrx_word' id='word_1_114' title='bbox 746 1424 891 1465; x_wconf 92' lang='lat' dir='ltr'>fidem.</span> <span class='ocrx_word' id='word_1_115' title='bbox 956 1425 1057 1475; x_wconf 92' lang='lat' dir='ltr'>Dic,</span> <span class='ocrx_word' id='word_1_116' title='bbox 1078 1427 1238 1478; x_wconf 89' lang='lat' dir='ltr'>inquit,</span> <span class='ocrx_word' id='word_1_117' title='bbox 1261 1439 1483 1479; x_wconf 88' lang='lat' dir='ltr'>opemque</span> <span class='ocrx_word' id='word_1_118' title='bbox 1601 1425 1686 1468; x_wconf 84' lang='lat'>395</span> 
     </span>
     <span class='ocr_line' id='line_1_20' title="bbox 229 1490 1385 1547; baseline 0 -15"><span class='ocrx_word' id='word_1_119' title='bbox 229 1490 304 1532; x_wconf 92' lang='lat' dir='ltr'>Me</span> <span class='ocrx_word' id='word_1_120' title='bbox 323 1492 417 1532; x_wconf 87' lang='lat' dir='ltr'>sine</span> <span class='ocrx_word' id='word_1_121' title='bbox 439 1493 547 1532; x_wconf 86' lang='lat' dir='ltr'>ferre</span> <span class='ocrx_word' id='word_1_122' title='bbox 569 1493 651 1532; x_wconf 87' lang='lat' dir='ltr'>tibi</span> <span class='ocrx_word' id='word_1_123' title='bbox 670 1506 679 1533; x_wconf 73' lang='grc' dir='ltr'>ε</span> <span class='ocrx_word' id='word_1_124' title='bbox 711 1505 797 1534; x_wconf 88' lang='lat' dir='ltr'>non</span> <span class='ocrx_word' id='word_1_125' title='bbox 817 1496 882 1534; x_wconf 89' lang='lat' dir='ltr'>est</span> <span class='ocrx_word' id='word_1_126' title='bbox 902 1506 1000 1534; x_wconf 90' lang='lat' dir='ltr'>mea</span> <span class='ocrx_word' id='word_1_127' title='bbox 1020 1493 1144 1547; x_wconf 85' lang='lat' dir='ltr'>pigra</span> <span class='ocrx_word' id='word_1_128' title='bbox 1167 1496 1385 1533; x_wconf 82' lang='lat' dir='ltr'>senectus.</span> 
     </span>
    </p>
   </div>
   <div class='ocr_carea' id='block_1_3' title="bbox 223 1616 1691 2124">
    <p class='ocr_par' dir='ltr' id='par_1_14' title="bbox 223 1616 1691 2124">
     <span class='ocr_line' id='line_1_21' title="bbox 226 1616 1685 1657; baseline 0.001 -11"><span class='ocrx_word' id='word_1_129' title='bbox 226 1617 345 1657; x_wconf 82' lang='lat' dir='ltr'>requies</span> <span class='ocrx_word' id='word_1_130' title='bbox 359 1617 471 1647; x_wconf 79' lang='lat' dir='ltr'>amoris</span> <span class='ocrx_word' id='word_1_131' title='bbox 486 1617 643 1646; x_wconf 80' lang='lat' dir='ltr'>invenitur</span> <span class='ocrx_word' id='word_1_132' title='bbox 659 1617 718 1647; x_wconf 82' lang='lat' dir='ltr'>nisi</span> <span class='ocrx_word' id='word_1_133' title='bbox 735 1616 846 1647; x_wconf 82' lang='lat' dir='ltr'>obitus.</span> <span class='ocrx_word' id='word_1_134' title='bbox 895 1618 1007 1648; x_wconf 81' lang='lat' dir='ltr'>Obitus</span> <span class='ocrx_word' id='word_1_135' title='bbox 1022 1618 1131 1657; x_wconf 77' lang='lat' dir='ltr'>placet.</span> <span class='ocrx_word' id='word_1_136' title='bbox 1179 1618 1347 1656; x_wconf 75' lang='lat' dir='ltr'>Exsurgit,</span> <span class='ocrx_word' id='word_1_137' title='bbox 1364 1620 1455 1657; x_wconf 81' lang='lat' dir='ltr'>atque</span> <span class='ocrx_word' id='word_1_138' title='bbox 1466 1620 1557 1657; x_wconf 83' lang='lat' dir='ltr'>parat</span> <span class='ocrx_word' id='word_1_139' title='bbox 1577 1618 1685 1656; x_wconf 79' lang='lat' dir='ltr'>galam</span> 
     </span>
     <span class='ocr_line' id='line_1_22' title="bbox 224 1659 1686 1699; baseline 0 -10"><span class='ocrx_word' id='word_1_140' title='bbox 224 1668 362 1698; x_wconf 81' lang='lat' dir='ltr'>premere</span> <span class='ocrx_word' id='word_1_141' title='bbox 387 1661 511 1697; x_wconf 82' lang='lat' dir='ltr'>laqueo:</span> <span class='ocrx_word' id='word_1_142' title='bbox 534 1662 565 1689; x_wconf 85' lang='lat' dir='ltr'>et</span> <span class='ocrx_word' id='word_1_143' title='bbox 588 1660 709 1697; x_wconf 80' lang='lat' dir='ltr'>cingulo</span> <span class='ocrx_word' id='word_1_144' title='bbox 732 1661 771 1688; x_wconf 84' lang='lat' dir='ltr'>ad</span> <span class='ocrx_word' id='word_1_145' title='bbox 800 1669 974 1698; x_wconf 80' lang='lat' dir='ltr'>supremam</span> <span class='ocrx_word' id='word_1_146' title='bbox 998 1663 1114 1699; x_wconf 83' lang='lat' dir='ltr'>postem</span> <span class='ocrx_word' id='word_1_147' title='bbox 1141 1660 1281 1698; x_wconf 81' lang='lat' dir='ltr'>alligato,</span> <span class='ocrx_word' id='word_1_148' title='bbox 1308 1659 1430 1690; x_wconf 72' lang='lat' dir='ltr'>Dilecte</span> <span class='ocrx_word' id='word_1_149' title='bbox 1455 1660 1586 1699; x_wconf 80' lang='lat' dir='ltr'>Cinyra,</span> <span class='ocrx_word' id='word_1_150' title='bbox 1607 1661 1686 1699; x_wconf 86' lang='lat' dir='ltr'>vale,</span> 
     </span>
     <span class='ocr_line' id='line_1_23' title="bbox 228 1701 1687 1742; baseline 0.001 -12"><span class='ocrx_word' id='word_1_151' title='bbox 228 1702 342 1740; x_wconf 78' lang='lat' dir='ltr'>inquit,</span> <span class='ocrx_word' id='word_1_152' title='bbox 356 1704 447 1740; x_wconf 79' lang='lat' dir='ltr'>atque</span> <span class='ocrx_word' id='word_1_153' title='bbox 462 1702 551 1731; x_wconf 81' lang='lat' dir='ltr'>crede</span> <span class='ocrx_word' id='word_1_154' title='bbox 576 1711 698 1731; x_wconf 83' lang='lat' dir='ltr'>causam</span> <span class='ocrx_word' id='word_1_155' title='bbox 715 1710 789 1731; x_wconf 76' lang='lat' dir='ltr'>esse</span> <span class='ocrx_word' id='word_1_156' title='bbox 806 1702 887 1731; x_wconf 76' lang='lat' dir='ltr'>necis</span> <span class='ocrx_word' id='word_1_157' title='bbox 898 1713 907 1731; x_wconf 88' lang='grc'>.-</span> <span class='ocrx_word' id='word_1_158' title='bbox 933 1705 1024 1742; x_wconf 84' lang='lat' dir='ltr'>atque</span> <span class='ocrx_word' id='word_1_159' title='bbox 1039 1701 1285 1732; x_wconf 76' lang='lat' dir='ltr'>accommodabat</span> <span class='ocrx_word' id='word_1_160' title='bbox 1299 1702 1438 1741; x_wconf 78' lang='lat' dir='ltr'>laqueum</span> <span class='ocrx_word' id='word_1_161' title='bbox 1461 1702 1536 1731; x_wconf 86' lang='lat' dir='ltr'>collo</span> <span class='ocrx_word' id='word_1_162' title='bbox 1545 1702 1687 1741; x_wconf 79' lang='lat' dir='ltr'>pallenti.</span> 
     </span>
     <span class='ocr_line' id='line_1_24' title="bbox 226 1743 1687 1784; baseline 0.001 -10"><span class='ocrx_word' id='word_1_163' title='bbox 226 1743 328 1774; x_wconf 81' lang='lat' dir='ltr'>Aiunt</span> <span class='ocrx_word' id='word_1_164' title='bbox 342 1743 505 1782; x_wconf 78' lang='lat' dir='ltr'>strepitum</span> <span class='ocrx_word' id='word_1_165' title='bbox 519 1753 624 1773; x_wconf 72' lang='lat' dir='ltr'>vocum</span> <span class='ocrx_word' id='word_1_166' title='bbox 638 1753 810 1783; x_wconf 75' lang='lat' dir='ltr'>permeasse</span> <span class='ocrx_word' id='word_1_167' title='bbox 823 1745 863 1774; x_wconf 85' lang='lat' dir='ltr'>ad</span> <span class='ocrx_word' id='word_1_168' title='bbox 865 1744 978 1784; x_wconf 70' lang='lat' dir='ltr'>fideles</span> <span class='ocrx_word' id='word_1_169' title='bbox 990 1754 1080 1774; x_wconf 83' lang='lat' dir='ltr'>aures</span> <span class='ocrx_word' id='word_1_170' title='bbox 1094 1744 1222 1774; x_wconf 80' lang='lat' dir='ltr'>nutricis</span> <span class='ocrx_word' id='word_1_171' title='bbox 1237 1744 1437 1775; x_wconf 74' lang='lat' dir='ltr'>custodientis</span> <span class='ocrx_word' id='word_1_172' title='bbox 1444 1743 1533 1781; x_wconf 85' lang='lat' dir='ltr'>fores</span> <span class='ocrx_word' id='word_1_173' title='bbox 1542 1744 1687 1776; x_wconf 72' lang='lat' dir='ltr'>alamm-</span> 
     </span>
     <span class='ocr_line' id='line_1_25' title="bbox 227 1786 1686 1826; baseline 0.001 -10"><span class='ocrx_word' id='word_1_174' title='bbox 227 1786 348 1816; x_wconf 72' lang='lat' dir='ltr'>Exsz&#39;lit</span> <span class='ocrx_word' id='word_1_175' title='bbox 364 1795 450 1823; x_wconf 80' lang='lat' dir='ltr'>anas,</span> <span class='ocrx_word' id='word_1_176' title='bbox 464 1790 555 1826; x_wconf 78' lang='lat' dir='ltr'>atque</span> <span class='ocrx_word' id='word_1_177' title='bbox 567 1787 826 1826; x_wconf 77' lang='lat' dir='ltr'>uperitjanuam:</span> <span class='ocrx_word' id='word_1_178' title='bbox 840 1790 871 1817; x_wconf 86' lang='lat' dir='ltr'>et</span> <span class='ocrx_word' id='word_1_179' title='bbox 887 1787 1007 1817; x_wconf 82' lang='lat' dir='ltr'>intuens</span> <span class='ocrx_word' id='word_1_180' title='bbox 1023 1787 1228 1817; x_wconf 80' lang='lat' dir='ltr'>instrumenta</span> <span class='ocrx_word' id='word_1_181' title='bbox 1244 1787 1326 1817; x_wconf 74' lang='lat' dir='ltr'>necis</span> <span class='ocrx_word' id='word_1_182' title='bbox 1338 1788 1480 1826; x_wconf 83' lang='lat' dir='ltr'>decretae,</span> <span class='ocrx_word' id='word_1_183' title='bbox 1494 1787 1597 1817; x_wconf 85' lang='lat' dir='ltr'>eodem</span> <span class='ocrx_word' id='word_1_184' title='bbox 1611 1789 1686 1817; x_wconf 87' lang='lat' dir='ltr'>tem·</span> 
     </span>
     <span class='ocr_line' id='line_1_26' title="bbox 223 1828 1688 1869; baseline 0.001 -11"><span class='ocrx_word' id='word_1_185' title='bbox 223 1838 298 1868; x_wconf 88' lang='lat' dir='ltr'>pore</span> <span class='ocrx_word' id='word_1_186' title='bbox 320 1828 523 1867; x_wconf 80' lang='lat' dir='ltr'>vociferatur,</span> <span class='ocrx_word' id='word_1_187' title='bbox 548 1839 637 1869; x_wconf 83' lang='lat' dir='ltr'>seque</span> <span class='ocrx_word' id='word_1_188' title='bbox 658 1829 794 1868; x_wconf 76' lang='lat' dir='ltr'>plangit,</span> <span class='ocrx_word' id='word_1_189' title='bbox 813 1833 842 1859; x_wconf 88' lang='lat' dir='ltr'>et</span> <span class='ocrx_word' id='word_1_190' title='bbox 859 1832 957 1859; x_wconf 77' lang='lat' dir='ltr'>vestes</span> <span class='ocrx_word' id='word_1_191' title='bbox 979 1829 1139 1869; x_wconf 79' lang='lat' dir='ltr'>discerpit,</span> <span class='ocrx_word' id='word_1_192' title='bbox 1161 1833 1252 1869; x_wconf 84' lang='lat' dir='ltr'>atque</span> <span class='ocrx_word' id='word_1_193' title='bbox 1268 1828 1397 1868; x_wconf 83' lang='lat' dir='ltr'>frangit</span> <span class='ocrx_word' id='word_1_194' title='bbox 1412 1830 1533 1868; x_wconf 80' lang='lat' dir='ltr'>laqueos</span> <span class='ocrx_word' id='word_1_195' title='bbox 1547 1830 1688 1869; x_wconf 74' lang='lat' dir='ltr'>dereptas</span> 
     </span>
     <span class='ocr_line' id='line_1_27' title="bbox 226 1871 1691 1912; baseline 0.001 -11"><span class='ocrx_word' id='word_1_196' title='bbox 226 1871 313 1903; x_wconf 82' lang='lat' dir='ltr'>collo.</span> <span class='ocrx_word' id='word_1_197' title='bbox 359 1872 435 1901; x_wconf 86' lang='lat' dir='ltr'>Tam</span> <span class='ocrx_word' id='word_1_198' title='bbox 459 1871 587 1911; x_wconf 80' lang='lat' dir='ltr'>denique</span> <span class='ocrx_word' id='word_1_199' title='bbox 613 1872 748 1911; x_wconf 78' lang='lat' dir='ltr'>spatium</span> <span class='ocrx_word' id='word_1_200' title='bbox 762 1872 833 1908; x_wconf 75' lang='lat' dir='ltr'>suit</span> <span class='ocrx_word' id='word_1_201' title='bbox 857 1872 1003 1911; x_wconf 78' lang='lat' dir='ltr'>ejulandi,</span> <span class='ocrx_word' id='word_1_202' title='bbox 1023 1877 1053 1903; x_wconf 76' lang='lat' dir='ltr'>et</span> <span class='ocrx_word' id='word_1_203' title='bbox 1077 1872 1292 1911; x_wconf 78' lang='lat' dir='ltr'>amplectendi,</span> <span class='ocrx_word' id='word_1_204' title='bbox 1323 1875 1415 1912; x_wconf 79' lang='lat' dir='ltr'>atque</span> <span class='ocrx_word' id='word_1_205' title='bbox 1430 1872 1554 1912; x_wconf 81' lang='lat' dir='ltr'>petendi</span> <span class='ocrx_word' id='word_1_206' title='bbox 1569 1881 1691 1902; x_wconf 83' lang='lat' dir='ltr'>causam</span> 
     </span>
     <span class='ocr_line' id='line_1_28' title="bbox 227 1914 1687 1954; baseline 0 -10"><span class='ocrx_word' id='word_1_207' title='bbox 227 1914 394 1953; x_wconf 75' lang='lat' dir='ltr'>suspendii.</span> <span class='ocrx_word' id='word_1_208' title='bbox 440 1914 552 1944; x_wconf 79' lang='lat' dir='ltr'>Puella</span> <span class='ocrx_word' id='word_1_209' title='bbox 568 1917 653 1944; x_wconf 80' lang='lat' dir='ltr'>muta</span> <span class='ocrx_word' id='word_1_210' title='bbox 668 1918 762 1952; x_wconf 81' lang='lat' dir='ltr'>tacet,</span> <span class='ocrx_word' id='word_1_211' title='bbox 788 1918 879 1954; x_wconf 79' lang='lat' dir='ltr'>alque</span> <span class='ocrx_word' id='word_1_212' title='bbox 901 1914 1020 1945; x_wconf 65' lang='lat' dir='ltr'>haerens</span> <span class='ocrx_word' id='word_1_213' title='bbox 1035 1918 1153 1954; x_wconf 84' lang='lat' dir='ltr'>spectat</span> <span class='ocrx_word' id='word_1_214' title='bbox 1168 1918 1296 1953; x_wconf 84' lang='lat' dir='ltr'>terram,</span> <span class='ocrx_word' id='word_1_215' title='bbox 1312 1917 1343 1945; x_wconf 86' lang='lat' dir='ltr'>et</span> <span class='ocrx_word' id='word_1_216' title='bbox 1362 1917 1503 1954; x_wconf 85' lang='lat' dir='ltr'>correpta</span> <span class='ocrx_word' id='word_1_217' title='bbox 1519 1917 1627 1945; x_wconf 69' lang='lat' dir='ltr'>moesta</span> <span class='ocrx_word' id='word_1_218' title='bbox 1640 1917 1687 1944; x_wconf 74' lang='lat' dir='ltr'>est</span> 
     </span>
     <span class='ocr_line' id='line_1_29' title="bbox 227 1955 1687 1997; baseline 0 -11"><span class='ocrx_word' id='word_1_219' title='bbox 227 1955 263 1985; x_wconf 86' lang='lat' dir='ltr'>ob</span> <span class='ocrx_word' id='word_1_220' title='bbox 275 1960 417 1987; x_wconf 84' lang='lat' dir='ltr'>conatum</span> <span class='ocrx_word' id='word_1_221' title='bbox 432 1966 509 1987; x_wconf 81' lang='lat' dir='ltr'>seroe</span> <span class='ocrx_word' id='word_1_222' title='bbox 524 1957 616 1987; x_wconf 80' lang='lat' dir='ltr'>necis.</span> <span class='ocrx_word' id='word_1_223' title='bbox 666 1957 765 1995; x_wconf 83' lang='lat' dir='ltr'>Urget</span> <span class='ocrx_word' id='word_1_224' title='bbox 780 1958 882 1988; x_wconf 76' lang='lat' dir='ltr'>vetula</span> <span class='ocrx_word' id='word_1_225' title='bbox 893 1966 904 1992; x_wconf 91' lang='lat'><em>;</em></span> <span class='ocrx_word' id='word_1_226' title='bbox 926 1960 1017 1997; x_wconf 79' lang='lat' dir='ltr'>atque</span> <span class='ocrx_word' id='word_1_227' title='bbox 1031 1959 1176 1995; x_wconf 82' lang='lat' dir='ltr'>detegens</span> <span class='ocrx_word' id='word_1_228' title='bbox 1190 1957 1314 1996; x_wconf 80' lang='lat' dir='ltr'>capillos</span> <span class='ocrx_word' id='word_1_229' title='bbox 1328 1966 1397 1986; x_wconf 81' lang='lat' dir='ltr'>suos</span> <span class='ocrx_word' id='word_1_230' title='bbox 1415 1956 1498 1986; x_wconf 83' lang='lat' dir='ltr'>albos</span> <span class='ocrx_word' id='word_1_231' title='bbox 1521 1959 1552 1986; x_wconf 82' lang='lat' dir='ltr'>et</span> <span class='ocrx_word' id='word_1_232' title='bbox 1576 1965 1687 1986; x_wconf 76' lang='lat' dir='ltr'>vacuas</span> 
     </span>
     <span class='ocr_line' id='line_1_30' title="bbox 227 1998 1689 2038; baseline 0.001 -10"><span class='ocrx_word' id='word_1_233' title='bbox 227 2007 387 2037; x_wconf 83' lang='lat' dir='ltr'>mammas,</span> <span class='ocrx_word' id='word_1_234' title='bbox 415 2003 483 2029; x_wconf 81' lang='lat' dir='ltr'>orat</span> <span class='ocrx_word' id='word_1_235' title='bbox 508 2009 563 2038; x_wconf 79' lang='lat' dir='ltr'>per</span> <span class='ocrx_word' id='word_1_236' title='bbox 587 2000 772 2029; x_wconf 75' lang='lat' dir='ltr'>incunabula</span> <span class='ocrx_word' id='word_1_237' title='bbox 797 2003 828 2029; x_wconf 88' lang='lat' dir='ltr'>et</span> <span class='ocrx_word' id='word_1_238' title='bbox 850 1999 952 2038; x_wconf 78' lang='lat' dir='ltr'>prima</span> <span class='ocrx_word' id='word_1_239' title='bbox 977 2000 1180 2038; x_wconf 83' lang='lat' dir='ltr'>nutrimenta,</span> <span class='ocrx_word' id='word_1_240' title='bbox 1203 2003 1237 2029; x_wconf 85' lang='lat' dir='ltr'>ut</span> <span class='ocrx_word' id='word_1_241' title='bbox 1252 1998 1313 2029; x_wconf 81' lang='lat' dir='ltr'>sibi</span> <span class='ocrx_word' id='word_1_242' title='bbox 1327 2000 1434 2029; x_wconf 85' lang='lat' dir='ltr'>credat</span> <span class='ocrx_word' id='word_1_243' title='bbox 1448 1998 1589 2038; x_wconf 81' lang='lat' dir='ltr'>quicquid</span> <span class='ocrx_word' id='word_1_244' title='bbox 1604 2007 1689 2037; x_wconf 81' lang='lat' dir='ltr'>oegre</span> 
     </span>
     <span class='ocr_line' id='line_1_31' title="bbox 228 2040 1685 2082; baseline 0.001 -13"><span class='ocrx_word' id='word_1_245' title='bbox 228 2043 284 2070; x_wconf 84' lang='lat' dir='ltr'>est.</span> <span class='ocrx_word' id='word_1_246' title='bbox 331 2041 392 2071; x_wconf 84' lang='lat' dir='ltr'>Illa</span> <span class='ocrx_word' id='word_1_247' title='bbox 407 2042 555 2080; x_wconf 81' lang='lat' dir='ltr'>repellens</span> <span class='ocrx_word' id='word_1_248' title='bbox 570 2045 709 2072; x_wconf 80' lang='lat' dir='ltr'>orantem</span> <span class='ocrx_word' id='word_1_249' title='bbox 722 2042 870 2081; x_wconf 84' lang='lat' dir='ltr'>suspirat.</span> <span class='ocrx_word' id='word_1_250' title='bbox 917 2041 1041 2071; x_wconf 81' lang='lat' dir='ltr'>Nutrix</span> <span class='ocrx_word' id='word_1_251' title='bbox 1052 2042 1214 2082; x_wconf 79' lang='lat' dir='ltr'>olfirmata</span> <span class='ocrx_word' id='word_1_252' title='bbox 1233 2044 1279 2071; x_wconf 86' lang='lat' dir='ltr'>est</span> <span class='ocrx_word' id='word_1_253' title='bbox 1291 2040 1445 2071; x_wconf 74' lang='lat' dir='ltr'>sciscitari</span> <span class='ocrx_word' id='word_1_254' title='bbox 1457 2051 1467 2070; x_wconf 89' lang='lat'>.·</span> <span class='ocrx_word' id='word_1_255' title='bbox 1488 2050 1583 2080; x_wconf 81' lang='lat' dir='ltr'>neque</span> <span class='ocrx_word' id='word_1_256' title='bbox 1598 2041 1685 2071; x_wconf 81' lang='lat' dir='ltr'>modo</span> 
     </span>
     <span class='ocr_line' id='line_1_32' title="bbox 225 2081 1687 2124; baseline 0.001 -12"><span class='ocrx_word' id='word_1_257' title='bbox 225 2081 408 2122; x_wconf 82' lang='lat' dir='ltr'>promittere</span> <span class='ocrx_word' id='word_1_258' title='bbox 420 2083 531 2123; x_wconf 87' lang='lat' dir='ltr'>fidem.</span> <span class='ocrx_word' id='word_1_259' title='bbox 578 2084 702 2123; x_wconf 85' lang='lat' dir='ltr'>Indica,</span> <span class='ocrx_word' id='word_1_260' title='bbox 717 2084 775 2124; x_wconf 78' lang='lat' dir='ltr'>ait,</span> <span class='ocrx_word' id='word_1_261' title='bbox 791 2087 882 2123; x_wconf 83' lang='lat' dir='ltr'>atque</span> <span class='ocrx_word' id='word_1_262' title='bbox 900 2086 1007 2123; x_wconf 81' lang='lat' dir='ltr'>patere</span> <span class='ocrx_word' id='word_1_263' title='bbox 1023 2093 1070 2114; x_wconf 83' lang='lat' dir='ltr'>me</span> <span class='ocrx_word' id='word_1_264' title='bbox 1093 2084 1151 2114; x_wconf 85' lang='lat' dir='ltr'>tz&#39;bz&#39;</span> <span class='ocrx_word' id='word_1_265' title='bbox 1165 2092 1340 2114; x_wconf 75' lang='lat' dir='ltr'>succurrere</span> <span class='ocrx_word' id='word_1_266' title='bbox 1353 2094 1363 2114; x_wconf 79' lang='grc'>.-</span> <span class='ocrx_word' id='word_1_267' title='bbox 1387 2092 1454 2114; x_wconf 86' lang='lat' dir='ltr'>mea</span> <span class='ocrx_word' id='word_1_268' title='bbox 1474 2086 1613 2114; x_wconf 77' lang='lat' dir='ltr'>senectus</span> <span class='ocrx_word' id='word_1_269' title='bbox 1627 2092 1687 2113; x_wconf 83' lang='lat' dir='ltr'>non</span> 
     </span>
    </p>
   </div>
   <div class='ocr_carea' id='block_1_4' title="bbox 837 2167 1073 2178">
    <p class='ocr_par' dir='ltr' id='par_1_15' title="bbox 837 2167 1073 2178">
     <span class='ocr_line' id='line_1_33' title="bbox 837 2167 1073 2178; baseline 0.004 -1"><span class='ocrx_word' id='word_1_270' title='bbox 837 2167 1073 2178; x_wconf 66' lang='lat' dir='ltr'>eeeeeeeeeeee</span> 
     </span>
    </p>
   </div>
   <div class='ocr_carea' id='block_1_5' title="bbox 229 2218 1688 2517">
    <p class='ocr_par' dir='ltr' id='par_1_16' title="bbox 229 2218 1688 2517">
     <span class='ocr_line' id='line_1_34' title="bbox 231 2218 1684 2261; baseline 0.001 -10"><span class='ocrx_word' id='word_1_271' title='bbox 231 2220 380 2252; x_wconf 85' lang='lat' dir='ltr'>Berolin.</span> <span class='ocrx_word' id='word_1_272' title='bbox 397 2222 427 2250; x_wconf 89' lang='lat' dir='ltr'>et</span> <span class='ocrx_word' id='word_1_273' title='bbox 449 2229 513 2260; x_wconf 88' lang='lat' dir='ltr'>req.</span> <span class='ocrx_word' id='word_1_274' title='bbox 540 2218 661 2251; x_wconf 83' lang='lat' dir='ltr'>Heius.</span> <span class='ocrx_word' id='word_1_275' title='bbox 678 2220 824 2252; x_wconf 85' lang='lat' dir='ltr'>malebat</span> <span class='ocrx_word' id='word_1_276' title='bbox 841 2230 940 2261; x_wconf 86' lang='lat' dir='ltr'>reper.</span> <span class='ocrx_word' id='word_1_277' title='bbox 969 2222 1186 2253; x_wconf 78' lang='lat' dir='ltr'>amori.—380</span> <span class='ocrx_word' id='word_1_278' title='bbox 1209 2222 1304 2252; x_wconf 86' lang='lat' dir='ltr'>Unus</span> <span class='ocrx_word' id='word_1_279' title='bbox 1332 2220 1424 2253; x_wconf 81' lang='lat' dir='ltr'>Med.</span> <span class='ocrx_word' id='word_1_280' title='bbox 1451 2225 1485 2252; x_wconf 86' lang='lat' dir='ltr'>et</span> <span class='ocrx_word' id='word_1_281' title='bbox 1501 2220 1631 2253; x_wconf 87' lang='lat' dir='ltr'>Arund.</span> <span class='ocrx_word' id='word_1_282' title='bbox 1648 2223 1684 2252; x_wconf 83' lang='lat' dir='ltr'>et</span> 
     </span>
     <span class='ocr_line' id='line_1_35' title="bbox 230 2263 1684 2304; baseline 0.001 -10"><span class='ocrx_word' id='word_1_283' title='bbox 230 2263 381 2294; x_wconf 87' lang='lat' dir='ltr'>Berolin.</span> <span class='ocrx_word' id='word_1_284' title='bbox 397 2272 517 2293; x_wconf 83' lang='lat' dir='ltr'>causam</span> <span class='ocrx_word' id='word_1_285' title='bbox 533 2266 563 2293; x_wconf 88' lang='lat' dir='ltr'>te</span> <span class='ocrx_word' id='word_1_286' title='bbox 591 2263 795 2294; x_wconf 61' lang='lat' dir='ltr'>intest—381</span> <span class='ocrx_word' id='word_1_287' title='bbox 823 2263 941 2294; x_wconf 84' lang='lat' dir='ltr'>Heius.</span> <span class='ocrx_word' id='word_1_288' title='bbox 974 2265 1090 2295; x_wconf 88' lang='lat' dir='ltr'>mallet</span> <span class='ocrx_word' id='word_1_289' title='bbox 1107 2264 1189 2295; x_wconf 75' lang='lat' dir='ltr'>Dix.</span> <span class='ocrx_word' id='word_1_290' title='bbox 1205 2267 1239 2294; x_wconf 86' lang='lat' dir='ltr'>ut</span> <span class='ocrx_word' id='word_1_291' title='bbox 1263 2266 1434 2304; x_wconf 79' lang='lat' dir='ltr'>apt.-383</span> <span class='ocrx_word' id='word_1_292' title='bbox 1458 2263 1579 2295; x_wconf 84' lang='lat' dir='ltr'>Heius.</span> <span class='ocrx_word' id='word_1_293' title='bbox 1595 2263 1684 2304; x_wconf 87' lang='lat' dir='ltr'>conj.</span> 
     </span>
     <span class='ocr_line' id='line_1_36' title="bbox 229 2305 1686 2347; baseline 0 -11"><span class='ocrx_word' id='word_1_294' title='bbox 229 2306 385 2336; x_wconf 81' lang='lat' dir='ltr'>alumnum</span> <span class='ocrx_word' id='word_1_295' title='bbox 409 2314 470 2345; x_wconf 84' lang='lat' dir='ltr'>pro</span> <span class='ocrx_word' id='word_1_296' title='bbox 499 2306 751 2336; x_wconf 54' lang='lat' dir='ltr'>alannum—384</span> <span class='ocrx_word' id='word_1_297' title='bbox 786 2305 881 2336; x_wconf 89' lang='lat' dir='ltr'>Unus</span> <span class='ocrx_word' id='word_1_298' title='bbox 913 2306 1006 2337; x_wconf 82' lang='lat' dir='ltr'>Med.</span> <span class='ocrx_word' id='word_1_299' title='bbox 1039 2311 1074 2337; x_wconf 88' lang='lat' dir='ltr'>et</span> <span class='ocrx_word' id='word_1_300' title='bbox 1115 2307 1262 2347; x_wconf 87' lang='lat' dir='ltr'>quinque</span> <span class='ocrx_word' id='word_1_301' title='bbox 1293 2306 1350 2337; x_wconf 88' lang='lat' dir='ltr'>alii</span> <span class='ocrx_word' id='word_1_302' title='bbox 1380 2309 1472 2337; x_wconf 89' lang='lat' dir='ltr'>mort.</span> <span class='ocrx_word' id='word_1_303' title='bbox 1500 2309 1686 2346; x_wconf 77' lang='lat' dir='ltr'>parantem;</span> 
     </span>
     <span class='ocr_line' id='line_1_37' title="bbox 231 2347 1687 2388; baseline -0.001 -9"><span class='ocrx_word' id='word_1_304' title='bbox 231 2347 337 2379; x_wconf 86' lang='lat' dir='ltr'>Gron.</span> <span class='ocrx_word' id='word_1_305' title='bbox 354 2351 389 2378; x_wconf 91' lang='lat' dir='ltr'>et</span> <span class='ocrx_word' id='word_1_306' title='bbox 405 2347 490 2378; x_wconf 86' lang='lat' dir='ltr'>alius</span> <span class='ocrx_word' id='word_1_307' title='bbox 505 2348 599 2378; x_wconf 89' lang='lat' dir='ltr'>Med.</span> <span class='ocrx_word' id='word_1_308' title='bbox 624 2350 756 2387; x_wconf 84' lang='lat' dir='ltr'>parata:</span> <span class='ocrx_word' id='word_1_309' title='bbox 780 2348 858 2379; x_wconf 85' lang='lat' dir='ltr'>Bas.</span> <span class='ocrx_word' id='word_1_310' title='bbox 886 2352 915 2379; x_wconf 83' lang='lat' dir='ltr'>et</span> <span class='ocrx_word' id='word_1_311' title='bbox 933 2349 1042 2379; x_wconf 73' lang='lat' dir='ltr'>mortis</span> <span class='ocrx_word' id='word_1_312' title='bbox 1069 2351 1311 2388; x_wconf 83' lang='lat' dir='ltr'>apertoe.—386.</span> <span class='ocrx_word' id='word_1_313' title='bbox 1334 2351 1396 2379; x_wconf 81' lang='grc'>387</span> <span class='ocrx_word' id='word_1_314' title='bbox 1419 2349 1500 2381; x_wconf 86' lang='lat' dir='ltr'>Jun.</span> <span class='ocrx_word' id='word_1_315' title='bbox 1515 2348 1612 2380; x_wconf 70' lang='lat' dir='ltr'>scinci.</span> <span class='ocrx_word' id='word_1_316' title='bbox 1637 2358 1687 2378; x_wconf 83' lang='lat' dir='ltr'>co-</span> 
     </span>
     <span class='ocr_line' id='line_1_38' title="bbox 231 2389 1688 2432; baseline 0 -11"><span class='ocrx_word' id='word_1_317' title='bbox 231 2400 309 2421; x_wconf 81' lang='lat' dir='ltr'>mas.</span> <span class='ocrx_word' id='word_1_318' title='bbox 334 2389 483 2420; x_wconf 73' lang='lat' dir='ltr'>Bel-olio.</span> <span class='ocrx_word' id='word_1_319' title='bbox 511 2390 596 2420; x_wconf 81' lang='lat' dir='ltr'>sinus</span> <span class='ocrx_word' id='word_1_320' title='bbox 605 2393 635 2420; x_wconf 86' lang='lat' dir='ltr'>et</span> <span class='ocrx_word' id='word_1_321' title='bbox 650 2390 771 2421; x_wconf 84' lang='lat' dir='ltr'>vincula</span> <span class='ocrx_word' id='word_1_322' title='bbox 786 2391 895 2421; x_wconf 78' lang='lat' dir='ltr'>tollens</span> <span class='ocrx_word' id='word_1_323' title='bbox 912 2391 997 2421; x_wconf 87' lang='lat' dir='ltr'>Collo</span> <span class='ocrx_word' id='word_1_324' title='bbox 1013 2392 1067 2422; x_wconf 80' lang='lat' dir='ltr'>dil.</span> <span class='ocrx_word' id='word_1_325' title='bbox 1088 2392 1181 2421; x_wconf 87' lang='lat' dir='ltr'>&#39;runc</span> <span class='ocrx_word' id='word_1_326' title='bbox 1199 2391 1233 2421; x_wconf 89' lang='lat' dir='ltr'>in</span> <span class='ocrx_word' id='word_1_327' title='bbox 1249 2391 1448 2432; x_wconf 87' lang='lat' dir='ltr'>quibusdam</span> <span class='ocrx_word' id='word_1_328' title='bbox 1465 2390 1541 2431; x_wconf 84' lang='lat' dir='ltr'>fler.</span> <span class='ocrx_word' id='word_1_329' title='bbox 1557 2390 1688 2431; x_wconf 80' lang='lat' dir='ltr'>vetavit,</span> 
     </span>
     <span class='ocr_line' id='line_1_39' title="bbox 232 2432 1687 2474; baseline 0.001 -12"><span class='ocrx_word' id='word_1_330' title='bbox 232 2433 286 2463; x_wconf 85' lang='lat' dir='ltr'>vel</span> <span class='ocrx_word' id='word_1_331' title='bbox 301 2432 541 2472; x_wconf 82' lang='lat' dir='ltr'>paravit.-—392</span> <span class='ocrx_word' id='word_1_332' title='bbox 565 2433 716 2463; x_wconf 85' lang='lat' dir='ltr'>Berolin.</span> <span class='ocrx_word' id='word_1_333' title='bbox 733 2433 867 2463; x_wconf 80' lang='lat' dir='ltr'>Pectora</span> <span class='ocrx_word' id='word_1_334' title='bbox 883 2443 944 2474; x_wconf 90' lang='lat' dir='ltr'>pro</span> <span class='ocrx_word' id='word_1_335' title='bbox 965 2433 1080 2464; x_wconf 85' lang='lat' dir='ltr'>Ubera.</span> <span class='ocrx_word' id='word_1_336' title='bbox 1104 2433 1299 2474; x_wconf 83' lang='lat' dir='ltr'>Scheppero</span> <span class='ocrx_word' id='word_1_337' title='bbox 1311 2443 1376 2464; x_wconf 92' lang='lat' dir='ltr'>non</span> <span class='ocrx_word' id='word_1_338' title='bbox 1395 2434 1509 2474; x_wconf 80' lang='lat' dir='ltr'>placet</span> <span class='ocrx_word' id='word_1_339' title='bbox 1522 2432 1560 2463; x_wconf 82' lang='grc' dir='ltr'>τὸ</span> <span class='ocrx_word' id='word_1_340' title='bbox 1573 2441 1687 2470; x_wconf 57' lang='lat' dir='ltr'>cuna-u</span> 
     </span>
     <span class='ocr_line' id='line_1_40' title="bbox 232 2474 1686 2517; baseline -0.001 -10"><span class='ocrx_word' id='word_1_341' title='bbox 232 2483 317 2507; x_wconf 87' lang='lat' dir='ltr'>corr.</span> <span class='ocrx_word' id='word_1_342' title='bbox 337 2484 418 2515; x_wconf 84' lang='lat' dir='ltr'>ergo</span> <span class='ocrx_word' id='word_1_343' title='bbox 440 2477 649 2506; x_wconf 79' lang='lat' dir='ltr'>canos.—393</span> <span class='ocrx_word' id='word_1_344' title='bbox 675 2474 769 2506; x_wconf 81' lang='lat' dir='ltr'>Med.</span> <span class='ocrx_word' id='word_1_345' title='bbox 797 2475 883 2516; x_wconf 79' lang='lat' dir='ltr'>Arg.</span> <span class='ocrx_word' id='word_1_346' title='bbox 906 2480 941 2506; x_wconf 89' lang='lat' dir='ltr'>et</span> <span class='ocrx_word' id='word_1_347' title='bbox 956 2476 1074 2517; x_wconf 85' lang='lat' dir='ltr'>Thysii</span> <span class='ocrx_word' id='word_1_348' title='bbox 1099 2475 1154 2506; x_wconf 83' lang='lat' dir='ltr'>illa</span> <span class='ocrx_word' id='word_1_349' title='bbox 1176 2479 1375 2516; x_wconf 80' lang='lat' dir='ltr'>precantem:</span> <span class='ocrx_word' id='word_1_350' title='bbox 1398 2475 1496 2507; x_wconf 88' lang='lat' dir='ltr'>multi</span> <span class='ocrx_word' id='word_1_351' title='bbox 1521 2474 1620 2507; x_wconf 91' lang='lat' dir='ltr'>codd.</span> <span class='ocrx_word' id='word_1_352' title='bbox 1637 2484 1686 2506; x_wconf 85' lang='lat' dir='ltr'>ro-</span> 
     </span>
    </p>
   </div>
   <div class='ocr_carea' id='block_1_6' title="bbox 235 2566 1686 2732">
    <p class='ocr_par' dir='ltr' id='par_1_17' title="bbox 235 2566 1686 2732">
     <span class='ocr_line' id='line_1_41' title="bbox 894 2566 1033 2599; baseline 0.007 -1"><span class='ocrx_word' id='word_1_353' title='bbox 894 2566 1033 2599; x_wconf 87' lang='lat' dir='ltr'>NOTAE</span> 
     </span>
     <span class='ocr_line' id='line_1_42' title="bbox 276 2639 1503 2683; baseline -0.001 -11"><span class='ocrx_word' id='word_1_354' title='bbox 276 2643 338 2672; x_wconf 82' lang='lat'>380</span> <span class='ocrx_word' id='word_1_355' title='bbox 364 2639 501 2681; x_wconf 80' lang='lat' dir='ltr'>Cinyra]</span> <span class='ocrx_word' id='word_1_356' title='bbox 538 2639 737 2679; x_wconf 79' lang='lat' dir='ltr'>Amatorie3</span> <span class='ocrx_word' id='word_1_357' title='bbox 773 2650 849 2673; x_wconf 86' lang='lat' dir='ltr'>nam</span> <span class='ocrx_word' id='word_1_358' title='bbox 876 2651 934 2683; x_wconf 87' lang='lat' dir='ltr'>pa·</span> <span class='ocrx_word' id='word_1_359' title='bbox 988 2651 1116 2673; x_wconf 86' lang='lat' dir='ltr'>summo</span> <span class='ocrx_word' id='word_1_360' title='bbox 1133 2641 1174 2673; x_wconf 88' lang='lat' dir='ltr'>de</span> <span class='ocrx_word' id='word_1_361' title='bbox 1192 2645 1289 2682; x_wconf 85' lang='lat' dir='ltr'>poste</span> <span class='ocrx_word' id='word_1_362' title='bbox 1305 2640 1503 2673; x_wconf 82' lang='lat' dir='ltr'>revinctam.</span> 
     </span>
     <span class='ocr_line' id='line_1_43' title="bbox 235 2689 1686 2732; baseline -0.001 -10"><span class='ocrx_word' id='word_1_363' title='bbox 235 2692 298 2723; x_wconf 87' lang='lat' dir='ltr'>tris</span> <span class='ocrx_word' id='word_1_364' title='bbox 313 2700 434 2722; x_wconf 87' lang='lat' dir='ltr'>nomeu</span> <span class='ocrx_word' id='word_1_365' title='bbox 451 2691 575 2722; x_wconf 83' lang='lat' dir='ltr'>amanti</span> <span class='ocrx_word' id='word_1_366' title='bbox 593 2690 806 2723; x_wconf 86' lang='lat' dir='ltr'>invidiosum.</span> <span class='ocrx_word' id='word_1_367' title='bbox 1031 2695 1094 2723; x_wconf 84' lang='grc'>396</span> <span class='ocrx_word' id='word_1_368' title='bbox 1119 2693 1192 2723; x_wconf 83' lang='grc' dir='ltr'>Νοη</span> <span class='ocrx_word' id='word_1_369' title='bbox 1213 2692 1274 2732; x_wconf 88' lang='lat' dir='ltr'>est]</span> <span class='ocrx_word' id='word_1_370' title='bbox 1297 2691 1405 2723; x_wconf 88' lang='lat' dir='ltr'>Immo</span> <span class='ocrx_word' id='word_1_371' title='bbox 1416 2689 1617 2722; x_wconf 83' lang='lat' dir='ltr'>incredibile</span> <span class='ocrx_word' id='word_1_372' title='bbox 1633 2693 1686 2721; x_wconf 84' lang='lat' dir='ltr'>est</span> 
     </span>
    </p>
   </div>
   <div class='ocr_carea' id='block_1_7' title="bbox 277 2739 1686 2785">
    <p class='ocr_par' dir='ltr' id='par_1_18' title="bbox 277 2739 1686 2785">
     <span class='ocr_line' id='line_1_44' title="bbox 277 2739 1686 2785; baseline -0.001 -12"><span class='ocrx_word' id='word_1_373' title='bbox 277 2743 337 2773; x_wconf 81' lang='lat'>385</span> <span class='ocrx_word' id='word_1_374' title='bbox 362 2740 588 2782; x_wconf 78' lang='lat' dir='ltr'>Instrumenta]</span> <span class='ocrx_word' id='word_1_375' title='bbox 625 2741 767 2784; x_wconf 84' lang='lat' dir='ltr'>Zonam,</span> <span class='ocrx_word' id='word_1_376' title='bbox 791 2742 934 2783; x_wconf 83' lang='lat' dir='ltr'>scilicet,</span> <span class='ocrx_word' id='word_1_377' title='bbox 990 2743 1204 2785; x_wconf 81' lang='lat' dir='ltr'>quantumin</span> <span class='ocrx_word' id='word_1_378' title='bbox 1230 2741 1466 2784; x_wconf 83' lang='lat' dir='ltr'>promovendis</span> <span class='ocrx_word' id='word_1_379' title='bbox 1481 2739 1617 2782; x_wconf 81' lang='lat' dir='ltr'>flagitiis</span> <span class='ocrx_word' id='word_1_380' title='bbox 1633 2749 1686 2771; x_wconf 88' lang='lat' dir='ltr'>va-</span> 
     </span>
    </p>
   </div>
  </div>
 </body>
</html>
