1831 3023
161 249 275 293 1548
647 257 689 288 P.
722 251 881 286 ovum
915 252 1126 285 NAsoms

164 356 374 399 Cominus
395 354 652 410 aggreditur,
671 353 884 404 laterique
902 351 1136 391 recondere
1158 348 1264 389 duro

164 425 374 466 Luctatur
395 423 602 476 gladium.
664 419 827 460 Gladio
847 418 948 457 loca
968 418 1117 470 pervia
1134 429 1221 456 non
1239 416 1354 456 sunt.

165 492 303 534 Haud
322 496 469 531 tamen
489 488 671 538 effugies
690 500 698 525 :
729 484 875 525 medio
893 484 1163 537 jugulaberis
1181 495 1299 531 ense,

166 556 535 610 Quandoquidem
555 565 706 593 mucro
727 555 792 592 est
811 551 960 600 hebes,
981 551 1147 604 inquit3
1180 555 1223 591 et
1241 550 1285 589 in
1304 548 1418 588 latus
1439 558 1586 587 ensem

166 626 392 677 Obliquat,
414 622 629 673 longaque
650 619 923 672 amplectitur
940 618 1015 658 ilia
1035 617 1200 659 dextra.
1530 612 1616 654 486

165 692 307 742 Plaga
326 689 434 729 facit
453 689 650 740 gemitus,
670 700 752 728 ceu
773 698 956 739 corpore
975 686 1204 726 marmoris
1224 683 1326 725 icti:

167 758 416 809 Fractaque
439 756 633 796 dissiluit
652 767 860 809 percusso
880 754 1045 794 lamina
1065 753 1201 793 collo.

167 824 231 864 Ut
251 824 361 864 satis
383 823 550 863 illaesos
569 823 740 863 miranti
761 822 952 873 praebuit
972 825 1091 860 artus
1109 834 1120 871 3

168 890 301 931 Nunc
323 902 420 942 age,
443 891 503 930 ait
524 890 724 937 Caeneus,
745 889 892 926 nostro
913 889 986 924 tua
1006 896 1192 937 corpora
1211 884 1325 923 ferro
1538 879 1622 920 490

167 958 428 1000 Tentemus:
459 956 703 1009 capuloque
724 958 852 994 tenus
871 951 1049 991 demisit
1066 951 1112 990 in
1135 962 1279 990 armos
1545 942 1549 944 ’

167 1024 328 1066 Ensem
347 1023 568 1065 fatiferum
585 1036 594 1063 t
627 1033 881 1073 caecamque
903 1019 949 1059 in
966 1019 1141 1059 viscera
1157 1017 1309 1065 movit,

169 1091 465 1144 Versavitque
484 1102 660 1130 manum
677 1102 686 1129 :
718 1087 960 1139 vulnusque
979 1086 1023 1126 in
1045 1085 1219 1125 vulnere
1238 1083 1354 1125 fecit.

171 1158 288 1199 Ecce
308 1161 439 1199 ruunt
452 1160 578 1198 vasto
598 1154 742 1197 rabidi
762 1154 952 1195 clamore
972 1153 1252 1202 bimembres,

168 1226 365 1279 Telaque
386 1226 432 1265 in
451 1225 565 1266 hunc
587 1236 735 1265 omnes
756 1236 891 1263 unum
910 1221 1175 1274 mittuntque
1196 1219 1438 1273 feruntque.
1545 1216 1631 1257 495

172 1293 283 1333 Tela
302 1297 451 1334 retusa
470 1292 652 1334 cadunt:
682 1294 829 1331 manet
847 1289 1138 1343 imperfossus
1158 1289 1213 1328 ab
1235 1286 1369 1336 omni,
1559 1291 1561 1294 ⁴

172 1360 313 1414 Inque
333 1364 588 1402 cruentatus
610 1358 799 1400 Caeneus
821 1357 1019 1398 Elateius
1039 1356 1144 1396 ictu.

174 1426 362 1468 Fecerat
383 1427 594 1467 attonitos
613 1438 729 1467 nova
747 1437 830 1465 res,
892 1423 996 1463 Heu
1016 1422 1204 1463 dedecus
1224 1423 1374 1474 ingens
1394 1420 1403 1460 !

176 1492 425 1548 Monychus
447 1493 691 1534 exclamat:
722 1491 912 1544 populus
933 1501 1187 1543 superamur
1207 1489 1263 1529 ab
1284 1500 1385 1536 uno,
1549 1485 1634 1527 499

177 1624 289 1664 lapide.
336 1623 482 1653 Cominus
496 1623 628 1660 invadit,
644 1626 735 1662 atque
751 1622 865 1653 nititur
881 1621 990 1651 abdere
1015 1630 1116 1651 ensem
1131 1619 1234 1659 rigido
1249 1618 1350 1649 lateri.
1394 1617 1477 1648 Loca
1492 1626 1550 1648 non
1565 1618 1636 1646 sunt

173 1665 380 1706 penetrabilia
396 1666 472 1696 ensi.
517 1666 591 1695 Non
606 1668 707 1694 tamen
720 1666 839 1703 evades,
851 1664 897 1694 ait
913 1674 923 1698 ;
938 1662 1122 1692 mactaberis
1136 1662 1233 1692 medio
1246 1661 1364 1699 gladio,
1375 1660 1525 1700 siquidem
1535 1659 1638 1698 cuspis

178 1712 224 1738 est
240 1712 365 1738 retusa.-
387 1712 478 1746 alque
492 1707 596 1744 adigit
613 1710 821 1736 transversum
842 1705 983 1744 giudium
1009 1705 1042 1734 in
1066 1707 1178 1741 costas,
1203 1706 1234 1733 et
1257 1702 1454 1742 amplectitur
1475 1702 1531 1732 ilia
1546 1701 1640 1739 longa

179 1751 304 1780 dextra.
349 1750 436 1779 Ictus
459 1750 621 1788 strepitum
638 1748 735 1786 facit,
759 1751 907 1787 tanquam
931 1757 949 1776 a
974 1755 1098 1785 corpore
1113 1744 1275 1775 marmoris
1285 1743 1447 1783 percussi;
1468 1748 1499 1774 et
1523 1743 1660 1784 lamina·

171 1791 281 1830 fracta
311 1795 357 1822 est
387 1800 527 1830 percusso
557 1791 643 1821 collo.
689 1791 858 1830 Postquam
884 1789 961 1819 satis
987 1787 1097 1818 obtulit
1124 1786 1258 1818 membra
1284 1785 1434 1826 inoffensa
1455 1785 1640 1823 admiranti,

180 1835 272 1865 Nunc
286 1843 357 1872 age,
371 1833 475 1873 inquit
506 1834 645 1871 Caeneus,
661 1835 813 1863 tentemus
838 1835 925 1862 tuum
947 1840 1054 1870 corpus
1078 1833 1184 1860 nostro
1199 1839 1290 1865 ense;
1313 1832 1405 1868 atque
1429 1827 1550 1858 abdidit
1571 1828 1639 1867 gla-

181 1877 268 1908 dium
282 1875 441 1913 letiferum
456 1876 561 1915 capulo
575 1879 663 1906 tenus
678 1875 710 1905 in
726 1875 865 1905 humeros
876 1884 887 1910 ;
911 1878 941 1904 et
964 1872 1101 1912 agitavit
1117 1876 1145 1902 et
1161 1872 1296 1902 versavit
1319 1880 1442 1902 manum
1461 1880 1573 1901 coecam
1583 1879 1641 1909 per

178 1919 365 1959 praecordia,
381 1922 410 1949 et
418 1918 499 1956 fecit
513 1919 640 1958 plagam
655 1918 687 1948 in
696 1918 801 1957 plaga.
849 1917 927 1946 Ecce
944 1915 1107 1947 Centauri
1125 1914 1269 1952 biformes
1283 1924 1349 1945 cum
1365 1914 1482 1953 impetu
1490 1912 1642 1949 feruntur

181 1971 234 1991 suo
249 1971 350 1992 crasso
363 1971 457 1999 more,
474 1964 563 2000 atque
579 1971 680 1991 omnes
686 1960 812 1998 jaciunt
828 1963 857 1990 et
866 1961 978 1997 ferunt
994 1967 1082 1988 arma
1105 1957 1138 1987 in
1158 1957 1237 1987 hunc
1259 1967 1363 1987 unum.
1407 1956 1521 1986 Jacula
1535 1955 1643 1986 obtusa

184 2005 308 2034 cadunt.
357 2004 483 2034 Coeneus
509 2004 650 2033 Elateius
665 2006 727 2032 stat
744 2002 913 2043 inoffensus
938 2005 1029 2041 atque
1051 2001 1267 2030 incruentatus
1282 1999 1319 2029 ab
1335 1999 1418 2029 omni
1432 1997 1507 2029 ictu.
1552 1999 1643 2028 Nova

182 2055 230 2076 res
244 2050 392 2087 rapuerat
406 2047 474 2076 illos
488 2046 521 2075 in
534 2045 778 2075 admirationem.
824 2044 898 2075 Heu
919 2044 1027 2083 ingens
1043 2041 1263 2082 opprobrium!
1279 2043 1432 2072 exclamat
1448 2040 1621 2080 Monychus
1631 2049 1642 2069 .·

802 2129 897 2140 m

184 2190 249 2219 483
275 2189 414 2218 Conatur
442 2189 528 2227 glad.
567 2188 693 2227 Sprotii
722 2192 758 2217 et
784 2187 988 2217 Leid.-486
1013 2185 1108 2215 Unus
1135 2185 1222 2214 Mor.
1251 2183 1420 2223 Obliquans
1442 2185 1534 2222 longa
1563 2193 1642 2214 com-

181 2230 331 2271 plectitur
354 2230 494 2260 z'l.—487
520 2228 650 2260 Arund.
672 2231 760 2267 Plag.
788 2229 883 2259 dedit.
929 2229 983 2257 Fr.
1001 2233 1034 2257 et
1061 2232 1131 2257 tres
1152 2227 1208 2256 alii
1227 2225 1295 2263 fac.
1317 2226 1443 2256 sonitus.
1493 2227 1536 2256 Ut
1559 2236 1645 2266 corp.

186 2272 321 2312 plurimi
346 2277 430 2301 vett.
459 2272 545 2310 vulg.
575 2273 625 2301 in.-
663 2271 785 2301 Heius.
818 2270 909 2300 malit
939 2279 991 2299 ceu
1019 2279 1095 2298 cum
1126 2268 1254 2298 Arund.
1286 2274 1321 2298 et
1351 2273 1483 2307 septem
1514 2268 1646 2299 aliis.-

187 2317 250 2346 488
275 2314 341 2345 Alii
361 2314 453 2344 Fract
487 2313 732 2343 dissiliit—489
757 2312 858 2342 Barb.
875 2312 962 2342 illaes.
980 2311 1257 2341 minitanti—491
1283 2310 1351 2340 Alii
1378 2314 1440 2340 ten.
1466 2310 1645 2341 dimisit.—

188 2359 252 2388 492
276 2357 397 2387 Heius.
417 2356 520 2392 malit,
544 2355 577 2385 in
594 2355 716 2385 viscere.
764 2355 858 2385 Unus
875 2354 985 2384 Vatic.
1012 2359 1045 2384 et
1072 2363 1155 2383 unus
1179 2353 1258 2383 Bas.
1279 2352 1395 2390 condit,
1417 2358 1454 2383 ut
1470 2361 1528 2383 xv.
1546 2355 1645 2383 88.—

188 2402 252 2430 494
262 2398 328 2429 Alii
345 2399 448 2438 rapidi
460 2404 515 2428 aut
528 2397 655 2437 trepidi.
671 2397 789 2427 Heius.
804 2406 845 2426 ex
860 2407 908 2436 pr.
927 2396 1114 2434 Hamburg.
1127 2394 1413 2432 suadebat‚rabidi
1424 2396 1461 2425 de
1476 2404 1567 2425 more.
1577 2394 1645 2425 Sed

189 2451 221 2472 v.
233 2442 457 2471 Burin—495
479 2440 618 2469 Plurimi
632 2439 919 2478 mittuntseriuntq.
933 2439 1003 2469 Pal.
1018 2439 1174 2477 mittuntq.
1186 2441 1311 2477 ruuntq.
1326 2437 1420 2467 Med.
1435 2435 1646 2476 t·ertuntq.fe-

190 2487 297 2523 runtq.
311 2484 442 2513 Bonon.
458 2481 852 2520 miltuntferrentq.—496
867 2482 972 2511 Gron.
989 2481 1050 2511 Tel.
1067 2490 1200 2517 recussa,
1212 2481 1265 2510 vel
1281 2483 1424 2515 retnnsn;
1440 2488 1498 2509 sex
1513 2480 1646 2518 repulsa.

191 2528 299 2557 ——499
312 2526 489 2565 Laugerm.
508 2531 542 2555 et
560 2530 627 2554 tres
640 2525 692 2554 alii
707 2533 882 2563 superemur
901 2533 961 2564 per
978 2523 1398 2562 interrogationem.—500
1415 2522 1508 2552 Unus
1527 2521 1646 2552 Heins.

852 2625 995 2656 NOTAE

238 2710 301 2739 488
325 2705 491 2745 Percussa]
515 2706 555 2736 In
583 2705 745 2736 Centauri
772 2705 895 2736 collum
948 2714 1036 2734 nova
1052 2704 1192 2734 vulnera
1207 2702 1368 2733 faciebat.

197 2757 324 2788 lamina
339 2756 478 2786 resiluit.
991 2757 1053 2784 497
1079 2755 1173 2794 Inque
1186 2753 1379 2794 cruentatus]
1402 2753 1471 2786 Pro
1493 2755 1523 2784 et
1543 2752 1646 2784 incru-

239 2808 302 2838 493
322 2804 449 2846 Vulnus]
476 2805 618 2837 Manum
630 2804 719 2837 enim
730 2803 896 2837 versando
949 2808 1082 2847 enecatus,
1097 2814 1157 2847 per
1171 2804 1318 2838 Tmesin.
