1831 3023
519 249 992 285 METAMORPHOSEON
1029 251 1122 282 Lm.
1156 254 1198 283 v.
1472 243 1580 284 1161

399 572 519 615 ΡΑΒ.
552 572 647 614 XI.
705 572 882 627 Lyncus
905 572 1010 614 Rex
1030 573 1074 614 in
1095 573 1303 628 Lyncem.

126 705 388 738 Tam-omncs
409 715 429 737 a
459 706 584 738 Cerere
617 704 732 745 fruges
761 704 958 736 dividendas
987 704 1123 745 accepit
1152 713 1215 745 per
1241 708 1360 744 terras,
1384 713 1586 746 currumque

170 757 372 791 draconibus
383 759 540 801 junctum
557 768 633 790 cum
651 757 801 796 fecisset,
829 758 1006 789 novissime
1024 757 1156 789 delatus
1179 761 1233 788 est
1255 757 1288 787 in
1305 756 1493 797 Scythiam,
1509 762 1546 788 et
1567 766 1589 788 a

171 811 286 851 Lynco
300 823 378 854 rege
395 817 560 854 exceptus
575 812 735 853 hospitio.
780 813 844 844 Cui
867 822 941 844 cum
965 812 1179 853 exposuisset
1194 811 1339 852 qualiter
1354 820 1374 841 a
1395 811 1475 842 Dea
1497 815 1588 842 esset

167 864 361 906 honoratus,
385 867 512 898 invidia
530 866 666 898 lionoris
695 866 888 906 instinctus,
904 865 1127 897 dormientem
1155 869 1192 896 ut
1218 863 1428 896 interficeret
1451 872 1589 905 aggres-

170 927 225 948 sus
241 924 306 950 est·
352 921 430 951 Dea
445 920 553 951 nuntii
566 919 616 950 sui
632 928 774 959 memor,
797 923 847 958 ut,
865 928 965 960 quem
981 919 1087 950 divini
1102 917 1236 950 honoris
1260 917 1398 956 dignum
1412 917 1591 958 habuerat,

169 978 399 1011 conservaret,
416 980 597 1014 antequam
613 971 843 1011 occideretur,
855 971 1026 1013 hospitem
1039 972 1073 1003 in
1091 972 1227 1012 lyncem
1240 969 1348 1002 feram
1365 970 1548 1002 convertit.

129 1067 261 1124 HAG
284 1083 503 1126 Arethusa
523 1089 667 1128 tenus.
727 1084 940 1127 Geminos
959 1085 1057 1127 Dea
1076 1085 1230 1126 fertilis
1251 1097 1416 1138 angues

129 1150 338 1193 Curribus
359 1153 580 1205 admovit3
612 1154 848 1207 fraenisque
866 1152 1061 1194 coercuit
1080 1165 1156 1193 ora
1173 1167 1182 1193 :

129 1218 188 1260 Et
206 1219 394 1260 medium
417 1221 519 1261 coeli
541 1225 753 1273 terraeque
772 1233 850 1273 per
871 1220 976 1260 aera
995 1223 1123 1260 vecta
1143 1223 1237 1261 est:

129 1286 274 1340 Atque
296 1288 433 1328 levem
451 1301 621 1329 currum
640 1286 874 1328 Tritonida
894 1287 1013 1328 misit
1032 1287 1077 1326 in
1097 1300 1246 1327 arcem

127 1353 421 1407 Triptolem03
453 1355 698 1408 partimque
716 1354 811 1394 rudi
832 1353 937 1394 data
957 1354 1125 1394 semina
1140 1353 1277 1406 jussit

129 1421 342 1474 Spargere
363 1421 509 1472 humo,
530 1422 689 1475 partim
711 1425 815 1474 post
833 1424 1030 1474 tempora
1049 1421 1186 1472 longa
1205 1420 1397 1461 recultae.

1504 1286 1592 1328 645

172 1560 223 1582 ¹¹.
247 1551 321 1583 Huc
335 1561 428 1593 usque
453 1552 623 1583 Arethusa.
671 1552 743 1583 Dea
757 1551 891 1592 frugum
914 1550 1061 1589 adjunxit
1083 1551 1224 1591 geminos
1246 1554 1402 1592 serpentes
1426 1551 1547 1592 currui,
1561 1557 1593 1584 et

126 1598 308 1634 compascua
333 1604 449 1626 eorum
466 1606 521 1626 ora
536 1595 666 1634 sroenis,
682 1598 712 1626 et
728 1596 832 1625 ablata
848 1597 894 1626 est
918 1604 975 1634 per·
1001 1593 1105 1625 a'e'rem
1130 1595 1266 1626 medium
1292 1594 1364 1625 coeli
1380 1597 1408 1625 et
1428 1598 1540 1625 terroe:
1562 1598 1593 1626 et

128 1636 214 1668 misit
231 1637 418 1678 Triptolemo
440 1639 537 1669 let-em
557 1647 681 1669 currum
699 1639 732 1668 in
755 1647 857 1669 arcem
875 1636 1092 1673 Tritonidem;
1114 1640 1144 1668 et
1159 1637 1326 1678 imperavit
1348 1638 1496 1668 mandare
1518 1638 1595 1668 duta

126 1681 243 1711 tonina
264 1681 382 1721 partim
397 1685 491 1712 terroe
506 1691 605 1721 πονιτ,
630 1681 748 1721 partim
764 1681 889 1712 iteratoe
912 1683 982 1721 post
998 1680 1122 1720 longum
1137 1681 1284 1720 spatium.
1328 1681 1404 1711 Jum
1420 1681 1593 1712 adolescens

739 1774 977 1787 eeeeeeeeeeee

130 1835 227 1866 malit
242 1835 463 1866 educit—644
488 1835 528 1866 In
551 1845 602 1876 pr.
616 1835 722 1867 Gron.
739 1836 814 1867 a'e'ra
829 1835 961 1873 fertur.-
989 1835 1022 1865 in
1047 1835 1169 1874 altero,
1186 1838 1223 1865 et
1249 1834 1379 1865 Bonon.
1396 1838 1479 1865 mota
1493 1838 1595 1866 ese.—

130 1880 192 1908 04⁵
217 1878 328 1909 Arcem
357 1883 427 1909 tres
455 1879 598 1919 scripti3
622 1879 720 1919 vulgo
747 1878 972 1909 urbem—64⁷
997 1877 1095 1909 Unus
1117 1876 1212 1908 Med.
1236 1878 1318 1916 cong.
1342 1876 1484 1914 relictae;
1508 1878 1594 1909 alius

793 1984 933 2017 NOTAE

170 2067 234 2096 642
258 2064 343 2105 Dea]
368 2064 486 2104 Ceres,
499 2075 574 2107 quae
591 2065 726 2107 frugum
742 2067 832 2098 Dea.

171 2114 314 2156 Angues]
336 2116 467 2148 Quibus
487 2117 560 2157 ejus
588 2117 677 2148 trahi
696 2127 833 2149 currum

129 2165 308 2196 voluerunt
339 2165 464 2206 poetae,
495 2175 560 2198 non
593 2171 662 2198 tam
691 2172 833 2208 propter

128 2213 281 2256 signiferi
309 2215 428 2247 circuli
455 2216 706 2258 obliquitatem,
732 2227 832 2259 quem

128 2265 207 2297 dum
234 2265 291 2298 Sol
319 2267 504 2307 percurrit,
529 2268 657 2299 semina
677 2277 720 2299 ex
744 2273 833 2299 terra

127 2316 269 2356 excitat,
299 2321 335 2348 et
364 2316 480 2358 fruges
515 2317 558 2349 ad
598 2319 832 2350 maturitatem

130 2368 297 2410 perducit,
324 2369 374 2400 uti
399 2368 534 2410 quidem
566 2371 718 2402 nonnulli
745 2371 832 2403 hanc

128 2417 277 2450 fabulam
303 2425 547 2460 exposuerunt,
574 2430 673 2462 quam
697 2421 833 2455 virtutis

131 2470 342 2510 germinandi
368 2475 403 2501 et
429 2471 605 2502 crescendi
631 2472 762 2503 ratione
778 2473 834 2503 ha-

129 2518 220 2558 bun
246 2529 314 2561 qua
340 2521 476 2562 quidem
509 2522 635 2553 virtute
670 2523 833 2563 paulatim

132 2576 291 2611 serpente
307 2576 341 2603 et
359 2581 433 2603 sese
457 2573 652 2613 explicante
673 2574 835 2615 multipli-

134 2621 203 2652 eui
219 2622 332 2653 omniu
348 2623 582 2663 intelligimus.

176 2673 238 2701 645
264 2671 440 2714 minida]
463 2673 616 2705 Athenas
637 2673 736 2713 dicit,
761 2683 836 2715 quae

135 2729 155 2749 a
173 2719 312 2751 Pallade
327 2722 492 2764 Tritonia,
512 2733 570 2755 seu
595 2724 637 2756 ad
660 2725 836 2756 Tritonem

136 2769 295 2809 paludem
327 2777 419 2811 nata,
445 2773 507 2805 hoc
538 2783 661 2806 nomen
693 2784 837 2816 accepe-

140 2827 228 2851 runt.

931 2069 995 2099 646
1023 2065 1227 2107 Triptolemo]
1252 2065 1321 2097 Hic
1339 2065 1466 2096 Eleusii
1484 2066 1595 2105 cujus-

888 2117 979 2157 dam,
1003 2117 1070 2157 vel,
1097 2122 1135 2147 ut
1165 2116 1239 2147 aliis
1265 2116 1393 2157 placet,
1410 2116 1504 2147 Celei
1529 2115 1596 2148 fnit

887 2167 990 2208 filius,
1016 2177 1115 2209 quem
1146 2167 1287 2199 sationis
1309 2172 1345 2198 et
1371 2172 1477 2198 totam
1504 2167 1597 2208 pani-

887 2218 955 2250 ficii
972 2222 1080 2249 artem
1098 2218 1261 2249 Cererem
1290 2217 1367 2249 ideo
1395 2219 1512 2249 volunt
1538 2218 1596 2250 do·

887 2269 1008 2308 cuisse,
1024 2268 1114 2310 quod
1131 2269 1174 2300 ab
1198 2268 1271 2309 ejus
1287 2273 1400 2309 patre,
1418 2268 1496 2299 dum
1511 2269 1596 2302 Pro·

887 2319 1060 2359 ser-pinam
1091 2316 1194 2349 filiam
1232 2324 1416 2360 quaereret,
1448 2319 1594 2361 benigne

886 2368 1037 2410 hospitio
1055 2373 1224 2410 exceptus
1249 2368 1381 2400 fuisset.
1426 2370 1493 2401 Sed
1521 2380 1597 2411 pro-

887 2420 955 2452 lixa
981 2425 1034 2452 est
1052 2421 1094 2452 de
1122 2430 1163 2451 eo
1189 2420 1316 2459 fabula,
1339 2422 1438 2462 cujus
1461 2431 1594 2453 sensum

890 2471 946 2512 qui
978 2471 1128 2512 penitius
1161 2472 1274 2502 rimari
1302 2474 1430 2512 cupiet,
1464 2472 1596 2504 Natalis

890 2522 1032 2554 Comitis
1059 2522 1218 2563 inspiciat
1257 2522 1511 2562 mytliologiam‚
1553 2531 1594 2552 ex

892 2583 958 2615 qua
970 2573 1132 2614 jucundae
1149 2573 1348 2605 eruditionis
1367 2574 1509 2614 plurima
1525 2581 1599 2603 car-

892 2633 973 2665 pere
991 2624 1131 2665 potr-rit.

937 2675 1038 2716 Ruti]
1064 2675 1195 2714 Utpote
1212 2680 1311 2704 antra
1329 2673 1477 2703 incultae.

934 2724 996 2756 6⁴⁷
1022 2725 1147 2755 Partim
1160 2724 1244 2764 post]
1268 2725 1453 2763 Postquam
1471 2731 1594 2765 nempe

891 2786 952 2817 per
969 2775 1047 2807 anni
1062 2775 1206 2816 spatium
1223 2784 1303 2815 ager
1320 2773 1542 2816 requieverit,
1557 2780 1594 2807 et

893 2825 1004 2858 denuo
1019 2826 1130 2857 cultus
1147 2823 1263 2856 suerit.
