1831 3023
476 218 944 254 Miz‘rAMonrnossson
981 218 1077 250 Lm.
1109 220 1196 250 vn.
1449 210 1562 253 1266

227 445 344 486 ΕΑΒ.
368 440 587 485 XXVII.
649 438 868 493 Cephalus
894 439 950 480 ab
978 438 1151 480 Aurora
1176 438 1443 482 immutatur.

113 552 302 586 cernuus
327 553 369 585 de
391 551 488 584 donis
503 549 612 582 refert
634 549 779 580 invicem
797 549 901 580 AEaco
925 548 967 580 de
985 548 1153 580 Procride
1176 548 1336 589 conjuge,
1356 551 1392 580 et
1414 557 1487 590 cur,
1502 551 1563 580 aut

154 607 242 638 unde
258 607 362 639 telum
389 608 535 646 gereret.
583 603 666 635 Cum
681 603 714 633 in
732 607 846 634 monte
863 603 1034 643 Hymetto
1050 601 1178 633 Atticae
1201 602 1347 641 regionis
1368 605 1564 642 venaretur,

153 659 195 690 ab
222 659 352 691 Aurora
379 658 422 689 ob
448 656 597 697 speciem
621 660 740 696 raptus
767 660 842 686 est:
868 665 966 696 quem
990 660 1029 686 ut
1051 654 1218 695 comperit
1241 654 1417 686 Procridis
1440 655 1562 695 prioris

152 712 306 753 conjugis
319 719 430 743 amore
450 709 659 750 implicatum
675 718 694 739 a
709 718 745 739 se
763 709 850 740 velle
867 708 1005 748 diverti,
1021 708 1105 739 fecit
1122 712 1159 740 ut
1174 712 1304 738 mutata
1317 708 1430 748 specie
1447 707 1564 740 remis·

153 775 208 796 sus
225 765 394 805 Cephalus
411 762 563 794 Athenas
583 761 823 800 contenderet,
839 765 875 792 et
898 770 971 792 eam
988 760 1151 802 pollicitis
1167 759 1432 801 muneribusque
1452 763 1566 792 tenta·

153 821 218 856 ret,
234 826 276 848 an
292 816 490 857 pudicitiam
505 825 625 856 puram
648 818 765 856 posset
782 824 932 846 servare.
977 814 1140 846 Pluribus
1154 814 1270 855 itaque
1287 813 1386 844 rebus
1403 812 1446 844 ad
1467 822 1565 844 usum

151 869 362 901 foeminarum
377 868 593 910 comparatis,
610 868 733 910 quibus
751 867 826 908 capi
850 871 975 908 posset,
994 867 1127 899 fallacia
1142 873 1290 899 mentem
1314 865 1491 898 Procridis
1507 865 1567 897 eli·

152 922 235 954 cuit.
281 922 382 955 Quod
397 927 434 953 ut
445 923 503 953 illa
518 920 706 962 comperit;
730 930 750 951 a
765 920 888 951 marito
903 929 938 951 se
952 929 1025 951 esse
1042 920 1235 961 deceptam,
1246 919 1375 961 pudore
1389 918 1567 958 exterrita,

151 979 189 1007 ut
201 980 421 1016 conspectum
438 976 508 1016 ejus
525 975 660 1014 vitaret,
690 973 768 1005 altis
788 982 823 1004 se
841 973 1033 1004 recondidit
1049 973 1205 1005 saltibus.
1247 972 1434 1014 [Cephalus
1449 976 1564 1003 autem

151 1029 275 1060 amoris
291 1029 513 1069 impatientia,
528 1037 604 1060 cum
621 1027 691 1068 ejus
707 1026 894 1058 absentiam
908 1025 998 1057 ferre
1014 1035 1080 1057 non
1098 1024 1393 1066 posset,precibus
1405 1024 1567 1065 impetra·

150 1081 214 1119 vit,
230 1085 268 1113 ut
283 1081 325 1112 ad
338 1091 373 1112 se
390 1081 517 1113 rediret
532 1092 541 1113 ι
566 1089 768 1122 reversaque
793 1088 912 1110 canem
928 1079 959 1110 ei
978 1079 1075 1110 dedit
1098 1078 1356 1120 velocissimum,
1372 1082 1408 1109 et
1416 1077 1565 1118 jaculum

151 1134 362 1175 inevitabile,
378 1135 467 1176 quod
483 1144 655 1176 nunquam
671 1133 1011 1173 frustrajaceretun]

108 1229 350 1287 TALlssus
373 1250 503 1300 atque
524 1247 625 1288 aliis
645 1247 822 1300 longum
843 1248 1118 1289 sermonibus
1141 1246 1204 1288 illi

110 1314 356 1368 Implevere
378 1315 505 1356 diem.
565 1315 703 1355 Lucis
723 1326 828 1367 pars
848 1314 999 1354 ultima
1015 1326 1176 1354 mensae

110 1380 192 1422 Est
213 1382 332 1431 data,
354 1394 444 1422 nox
466 1382 649 1422 somnis.
710 1380 739 1421 J
743 1380 850 1421 ubar
870 1392 1024 1419 aureus
1044 1379 1256 1420 extulerat
1277 1379 1377 1422 Sol:

110 1447 272 1488 Flabat
292 1449 432 1489 adhuc
454 1448 620 1499 Eurus;
652 1447 930 1500 redituraque
950 1446 1049 1487 vela
1068 1446 1254 1487 tenebat.

107 1513 181 1555 Ad
201 1513 444 1568 Cephalum
467 1515 667 1556 Pallante
688 1514 788 1564 sati,
810 1514 882 1555 cui
904 1513 1104 1566 grandior
1123 1517 1249 1564 aetas,
1479 1511 1564 1554 665

106 1580 180 1622 Ad
197 1595 340 1635 regem
363 1581 607 1636 Cephalus,
630 1583 759 1624 simul
779 1585 822 1623 et
837 1581 1039 1623 Pallante
1059 1582 1193 1623 creati

108 1647 396 1691 Conveniunt.
456 1651 543 1692 Sed
563 1651 706 1692 adhuc
727 1663 873 1704 regem
895 1663 1027 1704 sopor
1046 1651 1157 1691 altus
1177 1649 1388 1692 habebat.

108 1713 292 1769 Excipit
314 1717 521 1758 AEacides
540 1718 637 1758 illos
658 1717 702 1757 in
720 1717 867 1758 limine
890 1716 1092 1757 Phocus:

109 1781 234 1824 Nam·
249 1783 479 1834 Telamon,
500 1785 735 1838 fraterque,
757 1785 878 1826 viros
898 1784 954 1824 ad
973 1784 1093 1825 bella
1111 1784 1330 1837 legebant.

153 1918 268 1941 xxvii.
291 1910 344 1941 Illi
359 1910 564 1942 exhauserunt
579 1913 703 1951 longum
718 1913 798 1944 diem
813 1911 985 1951 hnjusnwdi
1000 1915 1091 1953 atque
1103 1914 1175 1944 aliis
1186 1913 1352 1954 colloquiis.
1398 1913 1480 1944 Pars
1496 1913 1560 1945 diei

107 1952 268 1982 notissima
284 1963 421 1983 concessa
437 1957 482 1984 est
497 1956 604 1993 epulis,
628 1965 689 1985 nox
712 1956 825 1995 sopori.
871 1956 926 1986 Sol
939 1957 1116 1996 splendidus
1128 1958 1295 1986 adrem-rat
1309 1957 1427 1991 luceru,-
1450 1957 1559 1987 Subsa-

106 1995 194 2024 Ianus
208 1995 304 2025 adhuc
317 1996 464 2035 spirabat,
478 2000 569 2036 utque
585 1997 770 2036 impediebat
784 1998 908 2028 carbasa
920 2008 1090 2029 reversura.
1138 1999 1214 2029 Filii
1229 1999 1383 2028 Pallantis
1396 1998 1503 2029 co'c'unt
1519 2001 1560 2029 «ul

109 2036 288 2076 Cephalum,
303 2039 355 2077 qui
371 2039 541 2077 provectior
552 2042 618 2068 erat
633 2042 747 2074 oetate,·
772 2040 924 2079 Fephalas
939 2043 968 2070 et
975 2040 1044 2081 filii
1059 2040 1217 2070 Pallantis
1229 2050 1289 2070 una
1304 2042 1419 2070 adeunt
1434 2050 1537 2079 regem
1548 2053 1558 2072 .-

106 2079 158 2109 aed
173 2088 293 2109 somnus
304 2081 414 2117 granis
425 2081 522 2110 adhuc
534 2081 620 2111 illum
634 2081 767 2111 tenebat.
814 2082 936 2112 Phocus
951 2082 1068 2120 excipit
1079 2082 1146 2112 illas
1157 2082 1289 2119 adfores
1298 2093 1308 2112 .·
1332 2093 1402 2113 nam
1415 2079 1560 2114 Telamon

106 2122 196 2161 atque
211 2121 276 2160 ejus
283 2122 391 2160 frater·
405 2122 554 2154 habebant
571 2123 719 2154 delectum
734 2124 870 2154 virorum
881 2134 937 2164 pro
954 2124 1079 2155 militia.
1124 2125 1246 2156 Phocus
1261 2124 1345 2156 ducit
1359 2125 1561 2156 Athenienses

709 2207 943 2221 ‘eoem-eene

149 2262 213 2291 662
239 2259 409 2292 Gebhard.
443 2261 616 2301 Crepund.
640 2271 662 2292 ι.
694 2265 727 2293 9.
754 2271 796 2292 ex
822 2262 897 2293 Pal.
932 2262 1102 2294 Detinuere
1121 2263 1166 2294 di.
1191 2273 1274 2294 unus
1307 2263 1346 2294 Α.
1373 2263 1560 2304 implicuere.

105 2301 224 2334 Heius.
249 2302 344 2333 dedit
377 2304 487 2333 ultima
509 2313 549 2334 ex
579 2313 644 2335 uno
671 2304 711 2335 V.
738 2314 789 2345 pr.
806 2309 841 2335 et
858 2315 924 2336 sec.
953 2306 1026 2337 l’al.
1058 2305 1218 2336 Calandr.
1251 2306 1381 2337 duobus
1407 2307 1450 2339 R.
1473 2307 1560 2338 aliis-

104 2354 169 2386 que
197 2345 290 2375 multi
313 2346 451 2386 optima:
493 2346 534 2377 Α.
567 2351 601 2377 et
627 2348 713 2378 alter
738 2347 900 2383 marinum
934 2348 1074 2379 Gruter.
1103 2349 1342 2379 erutum-663
1382 2349 1448 2380 Pro
1467 2349 1558 2387 iubar

105 2397 216 2418 aureus
246 2387 312 2418 duo
343 2388 417 2418 libri
442 2389 562 2419 nircum
576 2389 694 2426 juhm·;
718 2394 753 2420 et
776 2399 858 2420 unus
882 2391 959 2421 Pal.
987 2392 1116 2429 claram,
1137 2397 1173 2422 et
1205 2392 1291 2422 Mor.
1320 2393 1433 2431 clarus,
1451 2392 1559 2430 jubar.

106 2430 262 2461 Attulerat
280 2430 382 2461 etiam
418 2432 454 2461 R.
478 2436 513 2461 et
540 2431 632 2462 Leia.
663 2435 864 2464 uuus—665
891 2433 987 2464 Unus
1007 2433 1125 2464 Heius.
1142 2439 1177 2464 ct
1192 2434 1310 2474 Tliysii
1346 2434 1398 2465 Aa
1430 2435 1556 2475 Cepha-

105 2472 273 2503 lom—060
300 2473 455 2503 Heidelb.
485 2474 694 2514 Ceplmlusque
722 2475 813 2505 simul
842 2476 1031 2507 Pam—607
1058 2477 1151 2507 Unus
1188 2476 1307 2507 Heius.
1330 2487 1394 2517 ευρ.
1416 2480 1558 2508 artus.—

106 2516 170 2545 669
194 2515 233 2546 In
262 2525 327 2546 uno
356 2515 473 2546 Helm.
497 2517 537 2545 ad
562 2516 642 2547 bella
668 2517 844 2548 movebant:
869 2518 901 2548 in
919 2519 1027 2550 altero
1043 2524 1078 2550 et
1103 2519 1232 2550 duobus
1261 2519 1370 2552 Vatic.
1402 2518 1559 2557 Briantii,

106 2560 142 2587 et
169 2557 304 2588 Caelest.
337 2559 387 2588 Aa
415 2558 491 2588 bella
516 2558 679 2597 parabant.
726 2559 766 2590 In
795 2561 946 2600 plurimis
970 2562 1071 2592 etiam
1103 2567 1270 2600 veterum,
1297 2562 1467 2599 uiorebant,
1496 2570 1558 2591 mo·

107 2597 230 2640 nebant,
249 2600 416 2641 parabant,
440 2601 609 2639 regebant.-
647 2602 681 2632 in
710 2602 793 2642 aliis,
816 2603 978 2643 gerebant,
1008 2604 1168 2644 vocabant,
1195 2604 1396 2645 premebant.-
1429 2604 1462 2634 iu
1491 2611 1557 2635 uno

764 2702 902 2734 NOTAE

512 2779 575 2808 669
619 2777 807 2820 Frater-que]
853 2779 989 2820 Peleus,
1009 2779 1153 2811 scilicet.

194 2828 306 2869 Delph.
318 2831 346 2860 et
369 2827 442 2861 γαν.
456 2830 539 2862 Clas.
789 2831 884 2864 Ouid.
1403 2834 1420 2862 4
1447 2833 1472 2863 1.
