1831 3023
232 273 346 315 1146
718 283 758 312 P.
794 280 952 311 ov1n11
986 277 1198 309 NAsouis

234 379 416 432 Gurgite
433 392 531 433 quae
553 377 699 419 medio
719 389 886 418 summa
907 380 1035 417 tenus
1057 373 1201 415 extitit
1220 373 1335 423 alvo,

234 445 514 500 Agnovitque
535 446 704 486 Deum:
735 443 833 484 Nec
854 443 1023 494 longius
1044 442 1180 492 ibitis,
1201 441 1366 495 inquit:

235 514 343 555 Non
363 517 486 567 potes
508 514 659 554 invitae
683 511 854 552 Cereris
877 522 1004 562 gener
1023 522 1142 551 esse:
1174 508 1377 563 roganda,
1600 504 1686 545 415

235 581 338 622 Non
354 581 561 634 rapienda
581 580 675 620 fuit.
737 577 870 628 Quod
892 577 930 616 si
952 589 1211 629 componere
1231 576 1397 629 magnis

236 648 381 689 Parva
401 648 503 687 mihi
525 648 591 688 fas
612 651 679 687 est
696 660 706 698 3
738 650 781 686 et
800 658 869 685 rne
891 643 1042 684 dilexit
1062 642 1252 696 Anapis.

236 715 435 756 Exorata
456 719 614 764 tamen,
635 727 730 764 nec,
750 717 796 754 ut
814 713 927 761 haec,
949 712 1155 751 exterrita
1171 710 1316 763 nupsi.

237 783 388 824 Dixit:
421 786 476 831 et,
497 782 541 821 in
563 786 712 834 partes
735 780 929 820 diversas
948 777 1130 817 brachia
1150 777 1345 827 tendens,

238 849 432 890 Obstitit.
494 848 627 889 Haud
648 848 761 889 ultra
780 846 914 888 tenuit
931 844 1161 886 Saturnius
1176 845 1312 885 iram:
1606 841 1690 882 420

236 916 556 970 Terribilesque
576 916 772 956 hortatus
794 927 945 968 equos,
968 913 1013 952 in
1035 911 1215 964 gurgitis
1235 911 1325 951 ima

238 983 492 1025 Contortum
515 984 659 1024 valido
683 987 901 1037 sceptrum
919 981 1063 1033 regale
1081 980 1247 1020 lacerto

237 1049 458 1090 Condidit.
517 1049 615 1091 Icta
636 1051 752 1090 viam
773 1049 901 1090 tellus
921 1049 965 1088 in
986 1047 1173 1087 Tartara
1187 1046 1304 1094 fecit,

238 1116 294 1157 Et
314 1129 477 1169 pronos
500 1129 651 1156 currus
672 1117 820 1156 medio
844 1118 1006 1156 cratere
1027 1114 1205 1166 recepit.

237 1182 299 1223 At
319 1182 485 1236 Cyane,
507 1188 769 1235 raptamque
791 1183 950 1230 Deam,
973 1184 1280 1233 contemtaque
1299 1179 1430 1220 fontis
1608 1177 1693 1218 425

236 1250 265 1290 J
270 1263 350 1290 ura
370 1251 438 1290 sui
460 1243 663 1300 moerens,
683 1248 997 1290 inconsolabile
1018 1247 1174 1288 vulnus

241 1316 392 1358 Mente
414 1318 520 1370 gerit
538 1318 688 1367 tacita,
710 1316 1009 1370 lacrymisque
1030 1313 1276 1355 absumitur
1296 1313 1438 1354 omnis
1458 1327 1467 1353 :

238 1384 310 1434 Et,
329 1397 509 1438 quarum
528 1384 671 1424 fuerat
691 1397 894 1436 magnum
911 1383 1041 1423 modo
1061 1394 1231 1431 numen,
1253 1381 1298 1421 in
1319 1381 1420 1421 illas

240 1451 512 1492 Extenuatur
534 1464 686 1504 aquas.
750 1451 918 1491 Molliri
937 1450 1135 1490 membra
1155 1449 1353 1490 videres:

241 1518 357 1558 Ossa
376 1518 470 1571 pati
492 1517 659 1559 flexus:
692 1531 858 1570 ungues
879 1517 1310 1570 posuisse‘rigorem:
1610 1515 1695 1557 430

241 1584 476 1638 Primaque
498 1585 550 1624 de
570 1588 661 1624 tota
679 1585 941 1625 tenuissima
962 1597 1153 1637 quaeque
1173 1584 1437 1637 liquescunt,

240 1708 384 1745 stagnum
400 1706 494 1736 etiam
509 1706 696 1744 appellatum
710 1706 760 1736 hic
778 1706 858 1746 fuit,
881 1718 948 1747 qua’
975 1707 1086 1738 extitit
1101 1706 1199 1737 medio
1215 1706 1295 1736 mari
1310 1714 1453 1745 suprema
1472 1706 1564 1744 parte
1578 1702 1697 1734 ventris

242 1752 342 1786 tenus,
359 1752 389 1778 et
404 1748 531 1785 agnovit
548 1748 651 1778 Deum
663 1759 674 1784 ;
708 1749 827 1788 Neque,
840 1749 898 1788 ait,
915 1750 1037 1789 longius
1052 1749 1148 1780 ibitis.
1194 1749 1267 1779 Non
1285 1751 1372 1787 potes
1387 1756 1448 1777 esse
1461 1755 1558 1785 gener
1574 1745 1697 1776 Cereris

240 1790 455 1829 repugnantis.
501 1789 576 1820 Fuit
592 1791 720 1829 oranda,
737 1801 797 1821 non
812 1791 988 1829 auferenda.
1037 1792 1127 1826 Quod
1150 1791 1177 1821 si
1192 1790 1268 1820 mihi
1282 1791 1352 1820 licet
1369 1789 1506 1825 conferre
1519 1797 1615 1828 parva
1630 1797 1697 1818 cum

241 1833 375 1871 maguis,
393 1832 513 1871 Anapis
526 1842 572 1862 me
585 1842 698 1872 quoque
713 1833 839 1863 amavit.
888 1835 997 1874 Nupta
1008 1844 1074 1865 sum
1086 1833 1288 1863 nihilominus
1299 1832 1439 1872 precibus
1448 1831 1590 1869 delinita,
1603 1839 1698 1870 neque

241 1874 424 1912 tremefacta
439 1875 531 1905 sicuti
547 1875 617 1905 ista.
663 1875 761 1906 Dia-it
774 1886 783 1911 ;
806 1880 836 1906 et
861 1877 1025 1916 porrigens
1038 1876 1128 1906 ulnas
1143 1876 1177 1906 iu
1200 1878 1306 1915 partes
1320 1874 1496 1905 contrarias
1509 1873 1624 1904 obnixa
1639 1875 1696 1903 est.

243 1917 412 1948 Saturnius
425 1927 483 1947 non
501 1918 618 1947 diucius
632 1918 817 1957 compescuit
831 1919 924 1956 iram,
938 1923 969 1950 et
980 1920 1122 1950 hortatus
1136 1928 1233 1948 scevos
1248 1918 1457 1957 quadrupedes
1471 1916 1599 1947 immisit
1615 1925 1699 1956 scep-

241 1964 325 1989 trum
339 1961 459 1998 regium
476 1961 643 1999 impactum
666 1964 791 1990 strenuo
809 1960 935 1991 brachio
959 1962 991 1991 in
1011 1961 1254 2001 profundissima
1281 1960 1395 2000 abyssi.
1445 1959 1542 1989 Terra
1554 1967 1698 1998 percussa

242 2003 366 2041 aperuit
380 2003 440 2032 iter
456 2002 487 2031 in
508 2001 640 2040 Inferos,
667 2006 695 2033 et
712 2003 827 2042 recepit
843 2013 952 2034 currus
965 2007 1073 2042 sponte
1094 2006 1220 2033 ruentes
1234 2003 1333 2032 medio
1345 2001 1486 2040 gurgite.
1531 2001 1578 2032 At
1594 2001 1698 2040 Cyane

243 2044 358 2083 deflens
365 2044 444 2081 jura
457 2054 520 2073 suae
536 2044 737 2083 scaturiginis
749 2046 899 2084 neglecta,
914 2050 944 2075 et
957 2047 1059 2076 Deam
1070 2043 1320 2084 abreptam,fert
1336 2044 1437 2074 animo
1451 2044 1561 2074 silente
1573 2043 1700 2083 plagam

197 2088 201 2095 '
243 2085 511 2123 immedicabilem,
537 2090 566 2116 et
582 2089 648 2116 tota
662 2090 848 2116 extenuatur
862 2087 1006 2128 fletibus,
1032 2091 1061 2118 et
1075 2087 1186 2128 defluit
1200 2087 1234 2117 in
1255 2086 1326 2117 illas
1339 2095 1444 2125 aquas,
1467 2095 1596 2126 quarum
1612 2086 1698 2116 modo

237 2127 348 2166 fuerat
365 2129 443 2159 Dea.
492 2129 640 2159 Cerneres
656 2132 745 2159 artus
755 2129 898 2169 emolliri,
915 2139 981 2160 ossa
990 2130 1094 2171 flecti,
1107 2139 1226 2168 ungues
1239 2128 1377 2159 amisisse
1393 2129 1551 2160 duritiem.
1596 2129 1698 2169 Atque

857 2222 1087 2234 οΝφΝοοιΝο

245 2289 438 2318 rum-413
463 2286 612 2317 Berolin.
639 2296 757 2317 summa
778 2286 890 2325 medio,
906 2290 941 2317 et
958 2286 1005 2317 sic
1022 2286 1088 2318 alii.
1113 2287 1240 2318 Extulit
1265 2287 1331 2318 duo
1357 2287 1456 2325 libri;
1480 2288 1584 2319 astitit
1600 2297 1697 2321 unus,

244 2332 349 2360 -414
374 2328 442 2359 Alii
463 2330 547 2367 Agn.
564 2329 676 2359 Deam.
701 2328 819 2360 Heius.
841 2329 988 2359 malebat
1004 2330 1086 2368 long.
1112 2330 1323 2361 iveris—415
1349 2330 1509 2372 Quinque
1525 2331 1602 2362 libri
1630 2331 1697 2362 Nec

242 2375 352 2413 potes;
377 2372 461 2401 Nam
477 2381 560 2401 unus
587 2370 682 2402 Med.
710 2371 797 2402 unde
822 2381 893 2401 num
920 2370 1069 2402 faciebat
1092 2372 1209 2404 Heius.
1235 2373 1344 2413 quiet
1369 2373 1477 2404 Cereri
1492 2374 1699 2405 malebat.—

245 2417 307 2446 417
343 2413 487 2446 Quidam
519 2413 672 2444 scribunt
701 2414 856 2454 Anaphis,
878 2415 931 2444 vel
964 2414 1231 2454 Anaphys.—422
1256 2416 1362 2447 Gron.
1395 2417 1565 2446 Extortum
1593 2416 1698 2447 val.—

244 2459 308 2488 424
332 2456 490 2488 Heidelb.
506 2456 539 2486 in
555 2457 769 2487 media-425
796 2456 891 2487 Unus
904 2457 1008 2487 Gron.
1022 2461 1333 2498 contactuque—:127
1360 2458 1520 2489 Heidelb.
1542 2458 1699 2499 lacrymis,

903 2553 1041 2584 NOTAE

248 2634 321 2666 quae
348 2625 436 2664 apud
468 2625 584 2656 Pisani
614 2626 646 2656 in
672 2625 840 2666 Alpheum
870 2637 944 2667 pro·
994 2628 1109 2668 juncti
1125 2637 1191 2658 una
1206 2628 1238 2658 in
1255 2636 1347 2658 mare
1364 2625 1526 2658 defluant.

242 2675 418 2715 jiciuntur‚
442 2675 560 2706 eadem
587 2675 621 2705 in
650 2676 769 2706 Sicilia
797 2677 839 2708 ab
862 2676 945 2707 Are·
1041 2681 1104 2709 420
1117 2678 1299 2718 Saturnius]
1317 2678 1432 2717 Pluto,
1447 2677 1581 2709 Saturni
1597 2677 1697 2711 filius.

250 2725 346 2755 thusa
362 2725 552 2764 ejiciuntur.
1042 2731 1104 2759 424
1141 2727 1284 2767 Cratere]
1322 2728 1373 2758 Eo
1403 2728 1536 2758 nomine
1566 2729 1697 2768 voragi-

292 2778 354 2805 417
377 2776 512 2815 Anapis]
559 2776 697 2808 Fluvius
725 2782 776 2808 est
811 2778 946 2817 Siciliae,
999 2788 1089 2818 nem,
1105 2783 1164 2809 aut
1180 2784 1281 2810 terrae
1297 2778 1436 2818 hiatum,
1455 2778 1697 2820 appellat2quo

249 2826 307 2870 qui
321 2825 398 2857 ideo
410 2827 548 2869 Cyanen
565 2838 679 2860 amare
691 2828 840 2871 fingitur,
857 2829 945 2871 quod
1000 2828 1103 2860 Pluto
1118 2839 1193 2861 cuni
1210 2827 1418 2870 Proserpina
1432 2828 1623 2869 absorptus.
