1831 3023
503 277 977 311 MBTAMORPHOSEON
1012 278 1108 311 mn.
1142 281 1187 311 v.
1460 273 1576 314 1145

117 376 284 432 Stagna
304 378 572 425 Palicorum,
591 378 721 429 rupta
739 374 955 415 ferventia
975 379 1112 416 terra:

116 442 176 485 Et
196 459 284 499 qua
305 443 586 492 Bacchiadae,
602 443 759 483 bimari
780 456 883 492 gens
903 447 999 484 orta
1020 441 1242 492 Corintho,

114 510 237 554 Inter
256 511 496 565 inaequales
515 514 756 564 posuerunt
775 511 941 552 moenia
959 515 1127 564 portus.

113 578 194 622 Est
212 579 400 620 medium
424 578 612 632 Cyanes,
631 583 676 618 et
698 578 862 620 Pisaeae
888 578 1139 625 Arethusae,

114 645 245 696 Quod
266 647 353 686 coit
373 645 573 699 angustis
593 645 810 686 inclusum
829 646 1031 686 cornibus
1052 656 1219 697 aequor.

111 712 201 754 Hic
220 713 317 763 suit,
337 727 364 754 a
384 714 508 768 cujus
529 718 730 765 stagnum
753 726 926 767 quoque
947 713 1117 754 nomine
1138 711 1303 752 dictum
1322 712 1406 759 est,

110 779 228 820 Inter
246 781 463 822 Sicelidas
485 781 633 835 Cyane
654 781 934 822 celeberrima
956 778 1212 834 Nymphas;

1486 641 1572 683 410

106 910 137 939 et
149 918 209 948 qua
225 908 425 947 Bacchiadae‚
440 909 525 940 natio
547 912 618 940 orta
635 908 787 940 Corintho
812 909 935 950 bimari,
957 913 1135 941 statuerunt
1151 918 1254 940 muros
1270 908 1352 938 inter
1366 910 1479 948 portus
1494 908 1569 938 inoe-

104 952 216 991 quales.
264 952 323 982 Est
337 961 422 982 mare
430 952 563 983 medium
576 953 700 993 Cyanes
710 956 740 982 et
752 953 916 983 Aretliusae
931 953 1052 992 Pisaeae,
1063 954 1144 993 quod
1155 951 1356 990 conjungitur
1368 950 1569 990 comprehen-

103 1002 170 1025 sum
183 993 326 1024 cornibus
339 995 490 1034 angustis.
537 996 644 1035 Cyane
658 995 818 1026 notissima
835 997 916 1026 inter
932 997 1096 1036 Nymphas
1111 995 1276 1035 Sicelidas,
1301 1004 1319 1024 a
1342 995 1464 1024 nomine
1481 994 1568 1033 cujus

720 1092 815 1103 m
818 1092 953 1103 ΜΝ

101 1153 181 1184 locos
195 1164 308 1186 sacros.
333 1155 452 1187 Heius.
467 1157 541 1187 vult
560 1157 668 1197 olenti,
692 1157 745 1188 vel
761 1158 877 1188 olentes
890 1156 962 1194 suls.
987 1157 1028 1188 In
1046 1165 1113 1187 uno
1136 1157 1215 1187 Bas.
1231 1156 1346 1186 olentes
1362 1154 1438 1189 suls.
1446 1153 1569 1190 sontes.

99 1198 210 1229 —409
231 1199 369 1238 septem
393 1199 469 1230 libri
497 1200 539 1230 Et
555 1200 710 1235 medinam
734 1199 824 1231 unde
843 1199 964 1230 Heius.
990 1200 1022 1230 It
1041 1200 1228 1230 med-110
1254 1198 1347 1229 Unus
1379 1197 1472 1227 Med.
1500 1196 1569 1231 Quo

101 1239 188 1276 coit,·
212 1239 277 1271 duo
293 1241 398 1272 etiam
425 1242 758 1277 Qui...illisum.——4ll
782 1242 850 1272 Sex
875 1242 985 1273 Codd.
1016 1242 1094 1272 Hoec
1107 1241 1200 1279 βάκ
1225 1240 1375 1282 quinque
1394 1239 1459 1270 Hic
1477 1239 1570 1280 fluit.

102 1280 183 1314 Juu.
205 1293 339 1324 quoque
362 1293 441 1314 nom.
457 1286 578 1315 truit:
603 1284 692 1315 unde
710 1285 827 1315 Burni.
845 1284 911 1315 Hic
923 1284 1017 1325 fluit,
1035 1295 1054 1315 a
1074 1284 1161 1322 cujus
1174 1287 1285 1322 stagno
1300 1292 1417 1322 quoque
1444 1283 1570 1312 nomina

101 1326 213 1357 travit.
250 1327 345 1357 Modo
371 1336 432 1367 pro
448 1338 562 1368 quoque
585 1327 722 1358 volebat
749 1327 977 1357 Heius—412
1001 1327 1149 1357 Sicilidas
1175 1326 1285 1365 major
1312 1334 1393 1364 pars
1420 1323 1568 1364 scripto·

761 1437 908 1470 NOTAE

142 1523 207 1553 406
251 1521 444 1562 Palicorum]
504 1523 656 1554 Fuerunt
695 1522 807 1554 Palici

99 1570 223 1604 fratres
240 1572 305 1604 duo
321 1572 418 1605 Jovis
444 1577 478 1604 et
494 1573 611 1605 Talem
638 1574 806 1614 Nymphae

98 1621 170 1662 filii,
199 1627 237 1654 ut
270 1622 470 1664 quibusdam
507 1624 636 1664 placet,
667 1623 727 1654 ἀπὸ
749 1625 807 1654 τοῦ

97 1671 192 1704 πάλιν
208 1671 336 1712 ἶκέσθαι,
353 1674 414 1705 hoc
431 1679 495 1713 est,
514 1674 555 1705 ab
573 1675 696 1705 iterum
713 1676 805 1706 veni-

97 1722 187 1755 endo
217 1724 250 1755 in
282 1725 399 1763 vitam,
429 1725 478 1756 sic
511 1724 607 1765 dicti,
636 1725 804 1766 siqnidem

98 1779 212 1805 tamen
254 1775 366 1816 aliqua
403 1775 573 1807 Graeculis
615 1776 805 1808 hominibus

98 1823 194 1856 fides.
220 1825 368 1866 Nempe,
382 1832 419 1857 ut
432 1826 478 1856 illi
492 1826 805 1868 inquiunt‚optavit

97 1880 208 1906 mater
229 1875 381 1916 gravida,
401 1886 467 1917 quo
482 1877 627 1909 ,lunonis
649 1877 730 1908 iram
755 1875 804 1907 ef-

95 1924 242 1966 fugeret,
264 1927 329 1957 sibi
356 1932 480 1958 terram
510 1927 700 1965 dehiscere,
728 1937 803 1967 quae

97 1975 222 2007 maturi
238 1982 355 2016 partus
374 1982 527 2017 tempore
545 1981 663 2015 aperta
679 1983 746 2015 est,
761 1987 804 2007 ex

97 2034 164 2066 qua
193 2025 299 2056 Palici
329 2026 377 2056 illi
404 2032 614 2066 eruperunt:
655 2027 710 2067 qui
744 2027 803 2058 Dii

72 2089 75 2093 ·
96 2072 235 2106 suerunt
253 2075 421 2115 indigenae
439 2081 538 2106 extra
557 2076 707 2107 Siciliam
729 2077 802 2106 nul·

94 2124 154 2156 libi
170 2125 252 2156 noti.
300 2126 463 2156 Fabulam
487 2131 624 2158 secutus
639 2131 691 2157 est
707 2126 802 2158 fabu-

95 2175 201 2207 larum
224 2177 387 2207 maximus
408 2183 550 2209 amator.
610 2178 706 2209 Duos
723 2187 802 2209 vero

95 2227 313 2258 ostentabant
339 2228 430 2259 lacus
455 2229 595 2267 accolae,
619 2238 661 2260 ex
678 2229 800 2270 quibus

95 2278 269 2309 emersisse
295 2277 419 2310 fratres
442 2280 682 2319 mentirentur,
705 2284 801 2312 tanta

93 2327 230 2369 quidem
265 2329 486 2360 veneratione
518 2329 663 2368 habitos,
688 2336 726 2363 ut
757 2331 799 2362 ad

94 2378 169 2410 illos
187 2379 411 2421 jurejurando
435 2382 684 2412 controversias
719 2382 799 2414 diri-

95 2435 241 2469 merent,
270 2432 415 2472 perjuris
441 2431 473 2462 in
499 2431 539 2462 iis
565 2432 800 2472 pereuntibus,

94 2489 170 2511 cum
184 2481 281 2512 illaesi
294 2482 372 2513 inde
387 2483 512 2513 innoxii
527 2488 797 2514 reverterentur.

97 2529 176 2562 Alia
203 2533 275 2572 lege
317 2533 406 2573 apud
438 2533 653 2564 Macrobium
685 2534 800 2565 Satur-

97 2581 162 2611 nal.
178 2585 210 2612 5.

137 2633 199 2662 40⁷
224 2632 425 2673 Bacchiadoe]
450 2632 593 2665 Archias
621 2639 686 2673 est,
713 2635 797 2665 Bac-

96 2679 252 2712 chiadum
269 2692 365 2722 unus,
376 2684 535 2725 Bacchia,
545 2685 700 2726 Dionysii
714 2684 799 2723 filia,

95 2730 271 2770 oriundus,
287 2733 343 2773 qui
366 2733 530 2766 Corintho
555 2735 672 2776 pulsus
696 2737 795 2777 Syra-

94 2791 193 2813 cusas
210 2782 243 2812 in
260 2781 378 2813 Sicilia
388 2784 550 2817 condidit.

139 2830 279 2873 Binmri]
297 2832 387 2866 Quia
402 2831 497 2865 Ionio
510 2834 608 2867 simul
625 2840 661 2868 et
679 2836 794 2879 AEgaeo

861 1522 956 1554 mari·
973 1522 1110 1554 alluitur
1132 1521 1166 1552 in
1196 1520 1326 1552 Isthmo
1353 1519 1570 1561 Peloponne-

861 1575 953 1606 siaco
968 1575 1035 1606 sita
1048 1573 1245 1606 Corinthus.

902 1628 966 1657 408
999 1624 1186 1666 Inaequales]
1242 1625 1340 1655 Duos
1377 1621 1570 1654 habuerunt

861 1681 980 1716 portus
1007 1676 1200 1717 Syracusoe,
1221 1675 1387 1714 majorem
1413 1673 1570 1713 alterum,

860 1726 1003 1757 alterum
1022 1726 1199 1757 minorem.

903 1780 968 1808 409
993 1777 1051 1807 Est
1067 1775 1217 1815 medium]
1243 1775 1372 1806 Locum
1387 1773 1569 1813 describit,

861 1826 917 1857 ubi
949 1826 1065 1866 Cyane
1106 1825 1266 1865 Nympha
1297 1824 1494 1862 Plutonem,
1524 1832 1568 1854 ne

861 1875 1103 1916 Proserpinam
1125 1875 1258 1916 longius
1282 1874 1470 1914 abriperet,
1491 1882 1568 1915 pro-

860 1926 977 1957 hibere
997 1927 1114 1957 voluit.

904 1977 1041 2017 Cyanes]
1066 1977 1199 2008 Nomen
1221 1980 1275 2006 est
1302 1975 1488 2015 Nymphae,
1509 1985 1566 2007 cu-

853 2026 912 2066 jus
928 2027 1041 2058 obiter
1057 2027 1131 2067 ipse
1149 2026 1252 2067 poeta
1272 2025 1424 2056 fabulam
1444 2026 1566 2066 tangit.

857 2078 990 2108 Revera
1014 2075 1119 2108 fontis
1135 2081 1186 2108 est
1205 2085 1327 2107 nomen
1349 2075 1383 2106 in
1399 2085 1482 2116 agro
1505 2077 1565 2116 Sy-

856 2137 1031 2168 racusano,
1046 2128 1103 2170 qui
1119 2137 1223 2170 aquas
1250 2136 1327 2159 suas
1351 2126 1464 2167 Anapi
1487 2126 1566 2158 mis-

857 2184 925 2210 cet.

899 2229 1081 2270 Arethusoe]
1106 2229 1265 2270 Nympha
1288 2227 1353 2258 suit
1379 2227 1564 2267 Arethusa,

855 2280 978 2312 Dianae
1013 2290 1142 2318 comes,
1169 2289 1270 2320 quam
1299 2288 1376 2310 cum
1399 2277 1566 2318 Alpheus,

856 2329 1087 2372 Peloponnesi
1099 2329 1220 2361 fluvius
1231 2330 1335 2370 juxta
1348 2329 1459 2368 Pisas,
1475 2338 1565 2360 amo-

856 2390 892 2412 re
914 2381 1072 2413 incensus
1105 2385 1384 2422 persequeretur,
1400 2379 1515 2412 Diana
1528 2379 1563 2411 iu

853 2430 983 2463 fontem
1021 2432 1173 2473 ejusdem
1221 2432 1363 2462 nominis
1405 2431 1562 2463 mutavit.

853 2483 966 2522 Hujus
983 2483 1079 2525 aquis
1095 2493 1173 2514 cum
1200 2492 1276 2513 suas
1305 2481 1459 2522 Alpheus
1486 2483 1563 2513 mis-

852 2543 930 2564 cere
959 2534 1077 2572 vellet,
1101 2533 1158 2564 illa
1177 2543 1196 2563 a
1224 2537 1317 2563 terra
1347 2532 1509 2572 absorpta
1526 2532 1560 2562 in

851 2583 1001 2614 Siciliam
1019 2584 1134 2615 delata
1159 2588 1225 2622 est,
1248 2592 1314 2624 quo
1331 2589 1365 2614 et
1389 2593 1450 2623 per
1466 2583 1559 2614 cuni-

852 2634 944 2665 culos
972 2635 1211 2666 subterraneos
1233 2634 1376 2665 eandem
1403 2637 1558 2665 secutum

852 2683 954 2716 fnisse
982 2685 1152 2726 Alpheum
1178 2685 1340 2724 Pisaeum,
1364 2688 1398 2714 et
1425 2691 1559 2715 assecu-

850 2738 933 2775 tum,
951 2734 1074 2766 fabulae
1100 2736 1293 2766 voluerunt.
1351 2733 1440 2764 Hinc
1473 2732 1558 2765 Are-

849 2786 948 2817 thusa
965 2787 1088 2818 Pisoea.
1134 2785 1248 2826 Atque
1272 2783 1349 2814 huic
1367 2783 1492 2815 l'abulae
1509 2783 1558 2815 lo·

848 2846 926 2869 cum
942 2837 1052 2878 dedit,
1067 2835 1172 2878 quod,
1195 2840 1231 2866 ut
1250 2835 1393 2877 scripsit
1408 2834 1555 2877 Plinius,
