1831 3023
235 163 348 204 1410
717 176 758 205 P.
790 176 946 206 ovmn
981 175 1192 207 NAsoms

235 268 492 322 Exsangues
507 269 667 310 flebant
683 269 854 310 animae.
915 268 960 308 N
963 281 1015 309 ec
1035 269 1249 310 Tantalus
1268 269 1432 311 undam

232 336 442 390 Captavit
460 336 676 389 refugam:
707 337 957 388 stupuitque
982 334 1156 377 Ixionis
1176 337 1306 377 orbis.

232 404 330 445 Nec
350 417 549 457 carpsere
566 404 694 457 jecur
713 403 911 441 volucres
929 415 938 441 :
968 403 1174 456 urnisque
1194 407 1407 444 vacarunt

233 471 409 511 Belides
428 485 437 511 :
468 471 599 521 inque
618 473 692 508 tuo
712 467 879 516 sedisti,
906 468 1112 522 Sisyphe,
1134 483 1257 511 saxo.

230 538 345 577 Tum
363 537 547 588 primum
564 533 771 587 lacrymis
792 534 1003 576 victarum
1024 538 1213 578 carmine
1233 537 1351 577 fama
1369 541 1437 579 est
1619 538 1678 580 45

231 601 520 643 Eumenidum
542 600 766 642 maduisse
788 614 942 654 genas:
972 616 1053 644 nec
1072 605 1188 656 regia
1209 605 1370 659 conjux

230 668 424 708 Sustinet
444 668 597 715 oranti,
617 681 700 708 nec
722 669 797 722 qui
816 670 928 721 regit
949 671 1049 720 ima,
1067 684 1251 723 negare:

228 733 562 787 Eurydicenque
582 740 757 776 vocant.
818 736 1006 777 Umbras
1029 742 1121 778 erat
1140 739 1216 779 illa
1234 741 1425 779 recentes

228 800 374 842 Inter:
406 804 448 841 et
466 801 648 841 incessit
667 814 801 854 passu
823 803 877 842 de
897 804 1072 844 vulnere
1092 805 1230 846 tardo.

230 867 361 908 Hanc
382 867 510 907 simul
530 871 573 908 et
591 868 730 919 legem
752 868 1036 921 Rhodopeius
1058 871 1220 922 accipit
1239 871 1383 921 heros,
1619 868 1679 909 50.

227 933 300 974 Ne
320 934 471 975 flectat
490 938 602 975 retro
624 946 707 975 sua
725 934 889 974 lumina
906 948 917 986 ;
949 935 1086 976 donec
1108 935 1307 977 Avernas

228 1000 396 1041 Exierit
413 1001 551 1042 valles
568 1014 578 1042 :
610 1004 686 1042 aut
705 1001 823 1041 irrita
844 1000 962 1042 dona
981 1001 1138 1043 futura.

229 1066 430 1120 Carpitur
449 1068 647 1109 acclivus
664 1080 741 1121 per
761 1072 883 1108 muta
902 1068 1074 1109 silentia
1094 1072 1266 1118 trames,

225 1133 415 1184 Arduus,
438 1135 667 1184 obscurus,
688 1133 872 1186 caligine
893 1133 1058 1174 densus
1077 1147 1246 1188 opaca:

222 1275 351 1307 chordas
364 1276 404 1307 ad
418 1276 512 1307 dicta.
557 1275 665 1316 Neque
682 1276 832 1307 Tantalus
845 1275 983 1316 captavit
997 1285 1108 1316 aquam
1123 1277 1296 1317 effluentem
1307 1286 1317 1306 .-
1340 1279 1371 1307 et
1385 1278 1454 1306 rota
1469 1275 1590 1307 Ixionis
1605 1286 1674 1308 eon·

223 1318 319 1350 stitit.
364 1318 473 1358 Neque
495 1327 566 1349 aves
589 1318 749 1349 laniarunt
764 1318 875 1356 jecur;
898 1322 929 1349 et
951 1318 1077 1349 Belides
1100 1319 1314 1349 abstinuerunt
1337 1319 1444 1349 urnis:
1467 1322 1508 1358 et,
1528 1318 1672 1359 Sisyphe,

221 1359 398 1400 requievisti
422 1369 512 1409 ¹super
537 1363 590 1390 tuo
611 1360 707 1390 silice.
755 1361 833 1391 Tum
853 1360 988 1400 primum
1007 1361 1097 1391 aiunt
1123 1361 1268 1391 maxillas
1284 1360 1455 1391 Furiarum
1472 1361 1674 1392 delinitur-um

223 1402 357 1433 versibus
368 1402 520 1441 irrigatas
534 1401 636 1439 fuisse
651 1402 813 1442 lacrymis:
836 1411 930 1441 neque
944 1411 1024 1432 uxor
1045 1402 1145 1441 regia,
1161 1412 1256 1442 neque
1270 1402 1323 1442 qui
1342 1402 1476 1442 imperat
1490 1402 1673 1442 Inferi-‹rpo-

220 1448 281 1475 (εει
293 1445 437 1485 repellere
456 1448 654 1484 precantem.-
678 1447 708 1475 et
723 1446 877 1474 arcessunt
902 1443 1093 1483 Eurydicen.
1137 1425 1203 1475 'Illa
1224 1448 1292 1475 erat
1317 1444 1399 1475 inter
1420 1454 1514 1475 novas
1538 1444 1673 1483 umbras,

220 1491 312 1526 atque
338 1487 466 1518 accessit
489 1496 598 1526 gressu
623 1487 703 1517 lento
728 1496 767 1516 ex
788 1487 895 1526 plaga.
941 1486 1046 1516 Her-os
1072 1486 1266 1526 Rhodopeius
1290 1487 1382 1517 simul
1407 1486 1520 1526 accipit
1534 1486 1624 1525 hanc,
1640 1489 1672 1516 et

220 1529 329 1568 legem,
344 1538 381 1559 ne
395 1532 563 1559 retrorsum
577 1528 667 1566 ferat
690 1538 758 1558 suos
778 1529 888 1566 oculos,
910 1529 1002 1558 donec
1025 1537 1164 1567 egressus
1185 1530 1226 1559 sit
1241 1539 1281 1559 ex
1303 1529 1431 1559 vallibus
1445 1529 1600 1565 Averm‘s;
1623 1529 1672 1559 vel

219 1580 345 1602 munera
366 1570 440 1608 sore
463 1571 580 1602 inania.
637 1570 733 1601 Calloes
757 1570 891 1607 acclivis,
915 1571 1040 1610 arduus,
1062 1570 1257 1611 caliginosus,
1278 1572 1385 1611 plenus
1399 1570 1502 1601 densis
1524 1570 1670 1610 tenebris,

830 1674 925 1686 ‘eote
929 1675 982 1686 06⁵0
986 1674 1002 1685 θ
1006 1674 1063 1686 00&

219 1747 330 1785 quart.
358 1744 398 1774 ad
417 1744 547 1785 plectra.
591 1742 691 1774 Tunc
706 1743 822 1775 dicenti
848 1746 885 1775 et
907 1743 1041 1776 moventi
1067 1753 1151 1774 unus
1176 1743 1357 1775 Lem—41
1381 1743 1523 1775 Bothius
1550 1744 1670 1777 mallet

217 1797 278 1817 non
307 1787 486 1818 Tana—42
507 1786 638 1817 Thuan.
672 1786 762 1818 Tant.
786 1796 907 1818 amnem
933 1787 1025 1826 Capt.
1047 1786 1202 1825 refugum.
1246 1786 1341 1818 Leid.
1367 1787 1460 1827 capt.
1480 1786 1671 1827 profugam,-

216 1838 284 1860 sec.
310 1829 384 1859 Pal.
407 1828 630 1870 refluum—45
655 1828 697 1859 In
723 1829 872 1861 Berolin.
895 1832 942 1861 est
963 1829 1161 1860 omiss—<18
1184 1829 1336 1861 Berolin.
1371 1829 1669 1870 Eurydicemque.—

215 1873 258 1902 49
282 1871 378 1902 Leid.
393 1876 431 1902 et
450 1872 581 1903 Bonon.
597 1874 627 1902 et
649 1871 776 1902 incedit.
820 1872 914 1903 Tunc
941 1871 1101 1903 Heidelb.
1122 1872 1212 1902 tardo
1237 1873 1269 1903 d.
1297 1882 1327 1902 v.
1354 1875 1545 1912 passm—50
1568 1873 1670 1913 Vulg.

216 1913 320 1945 Rhod.
354 1914 514 1954 Orpheus:
545 1915 632 1945 heros
655 1914 776 1945 Heius.
803 1912 901 1945 dedit
924 1923 967 1945 ex
991 1923 1043 1954 pr,
1067 1914 1143 1945 Pal.
1171 1924 1222 1954 pr,
1246 1914 1325 1946 Bas.
1354 1923 1405 1953 pr.
1431 1915 1472 1944 V.
1499 1924 1549 1954 pr.
1574 1914 1667 1946 Mor.

215 1955 356 1996 aliisque
377 1956 704 1996 compluribus.-—52
725 1956 852 1997 Sprotii
868 1957 933 1988 Ex.
947 1958 1054 1992 sedes,·
1076 1961 1112 1987 et
1127 1966 1203 1987 mox
1219 1956 1304 1988 irrit.
1318 1958 1486 1987 vota—53
1510 1956 1629 1987 Heius.
1645 1965 1668 1987 a

215 1996 469 2030 Zulichemiano
485 1999 618 2039 recepit
631 1999 764 2029 acclivus
780 2008 840 2039 pro
856 1999 945 2039 vulg.
960 2000 1102 2030 acclivis.-
1118 2003 1154 2030 at
1169 1998 1232 2029 hoc
1248 1998 1401 2038 praetnlit
1415 1997 1568 2035 Bothius,
1584 1998 1666 2038 quia

215 2047 295 2070 mox
312 2041 461 2081 sequitur
475 2041 626 2080 Arda-us,
649 2041 820 2080 obscur-us,
843 2043 896 2080 &a
930 2040 1092 2072 Heidelb.
1119 2040 1341 2071 acclinia—54
1364 2040 1492 2071 Omnes
1517 2039 1604 2071 Edd.
1629 2044 1665 2071 et

866 2134 1003 2166 NOTAE

257 2219 298 2249 41
322 2217 469 2258 Flebant]
493 2218 619 2249 Durius
646 2218 779 2249 videtur
798 2218 910 2257 istud3
1008 2217 1155 2258 Sisyphe]
1177 2218 1263 2249 Met.
1278 2226 1326 2249 iv.
1344 2219 1419 2248 459.

215 2268 278 2299 nisi
292 2267 393 2309 quod,
416 2277 482 2299 non
498 2268 571 2299 sine
591 2278 713 2309 magno
734 2268 909 2309 mysterio,
1005 2271 1048 2298 46
1072 2267 1292 2307 Eumenidum]
1317 2266 1402 2298 Met.
1415 2275 1466 2298 ιν.
1481 2269 1556 2298 451.

214 2317 310 2349 nobis
319 2318 391 2358 jam
414 2319 579 2359 revelato,
597 2327 701 2360 opera
719 2323 835 2350 nostra
850 2327 909 2350 nos
1007 2319 1110 2358 Regia
1124 2317 1250 2357 conjux]
1271 2317 1491 2359 Proserpina,
1505 2316 1662 2348 Plutonis

213 2368 257 2400 ad
275 2368 394 2399 Manes
407 2373 668 2410 prosequuntur.
963 2378 1057 2400 uxor.

256 2419 419 2460 Tantalus]
442 2419 531 2450 Vide
547 2419 634 2450 Met.
651 2426 702 2449 xv.
717 2420 791 2450 45⁷.
1005 2420 1046 2448 50
1071 2417 1282 2457 Rhodopeius]
1321 2416 1487 2457 Omnem,
1517 2415 1660 2456 scilicet,

254 2470 297 2499 42
319 2467 454 2507 Ixionis]
477 2468 534 2499 De
556 2477 599 2499 eo
625 2476 727 2508 supra
753 2466 841 2498 Met.
857 2476 907 2499 xv.
962 2472 1120 2508 utsupra
1136 2472 1346 2499 annotatum.

209 2520 287 2549 460.
1002 2520 1041 2547 51
1078 2517 1231 2558 Avernas]
1278 2516 1357 2547 Fuit
1383 2514 1539 2547 Avernus
1565 2516 1659 2546 lacus

254 2570 295 2599 43
324 2568 480 2608 Voluca-es]
503 2568 588 2600 Quae
609 2567 690 2599 Titii
706 2567 807 2608 jecur
829 2576 906 2598 exe·
963 2569 1172 2610 Campaniae,
1202 2577 1301 2610 quem
1339 2567 1479 2598 Plutoni
1504 2570 1660 2599 vetustas

211 2619 318 2658 duut3
340 2618 384 2650 de
400 2628 467 2659 quo
483 2618 584 2650 etiam
601 2618 687 2650 Met.
703 2626 754 2649 xv.
770 2621 845 2650 456.
958 2617 1122 2660 fabulosa,
1173 2622 1315 2659 propter
1362 2615 1526 2648 sulfureas
1575 2625 1660 2657 quas

254 2671 296 2699 44
318 2668 460 2709 Belides]
482 2667 570 2701 Vide
590 2667 713 2700 iterum
743 2668 832 2701 Met.
855 2677 904 2701 xv.
955 2668 1086 2751 {mittit
1106 2667 1352 2709 exhalationes,
1375 2666 1525 2699 dicatum
1548 2664 1659 2699 credi·

211 2721 288 2750 462.
984 2718 1023 2750 ’t-
