1831 3023
1510 208 1621 287 1561

1566 348 1622 389 15

525 235 998 280 METAMORPHosEON
1031 249 1127 280 Lis.
1162 250 1276 281 xm.

173 345 287 396 Quae
308 346 401 386 sine
421 347 530 385 teste
547 343 672 395 gerit,
689 355 873 396 quorum
894 357 986 386 nox
1007 345 1190 386 conscia
1211 344 1308 385 sola
1328 348 1407 386 est.

170 413 364 454 Praemia
382 423 538 465 magna
556 411 648 464 peti
665 411 808 452 fateor
827 426 835 452 :
867 412 943 453 sed
964 413 1099 454 demit
1118 413 1320 453 honorem

170 479 389 522 AEmulus.
447 478 580 533 Ajaci
598 490 685 518 non
706 483 774 519 est
793 480 985 521 tenuisse
1005 480 1260 534 superbum,

170 544 236 586 Sit
255 547 359 588 licet
377 547 459 588 hoc
481 547 642 599 ingenS,
663 544 875 599 quicquid
897 548 1091 600 speravit
1112 547 1288 589 Ulixes,

170 613 262 654 Iste
282 614 381 655 tulit
401 614 584 667 pretium
598 614 690 667 jam
711 626 827 655 nunc
850 615 1098 656 certaminis
1120 615 1249 669 hujus
1266 628 1277 665 3

170 678 275 730 Quo
296 693 395 721 cum
417 682 562 721 victus
582 681 676 730 erit,
698 693 871 722 mecum
894 687 1090 722 certasse
1110 682 1283 723 seretur.

170 746 317 800 Atque
337 760 432 800 ego,
455 748 494 788 si
515 748 655 788 virtus
675 749 718 788 in
738 761 807 789 me
828 749 1086 790 dubitabilis
1103 753 1233 799 esset,

170 813 417 854 Nobilitate
435 817 591 867 potens
612 828 771 865 essem,
791 816 1034 857 Telamone
1054 819 1250 858 creatus:

170 879 339 922 Moenia
360 883 434 934 qui
454 880 552 922 sorti
574 882 767 936 Trojana
787 884 870 924 sub
894 884 1092 925 Hercule
1112 884 1254 938 cepit:

168 946 420 1001 Littoraque
440 948 615 989 intravit
637 949 856 1001 Pagasaea
879 950 1045 992 Colcha
1065 950 1227 992 carina.

169 1014 336 1055 AEacus
356 1014 455 1056 huic
478 1019 601 1068 pater
622 1020 710 1056 est:
743 1017 818 1069 qui
832 1018 935 1071 jura
955 1018 1183 1058 silentibus
1203 1016 1295 1057 illic

169 1080 344 1130 Reddit,
367 1083 441 1122 ubi
463 1083 666 1123 AEoliden
688 1096 846 1124 saxum
867 1097 998 1138 grave
1020 1084 1244 1138 Sisyphon
1264 1088 1406 1137 urget.

169 1147 341 1188 AEacon
361 1148 563 1200 agnoscit
581 1162 795 1200 summus,
818 1151 1074 1204 prolemque
1095 1151 1252 1193 fatetur

144 1213 344 1268 ..Jupiter
362 1228 457 1256 esse
478 1229 616 1258 suam.
677 1217 752 1258 Sic
775 1219 830 1258 ab
851 1218 968 1259 Jove
991 1219 1145 1259 tertius
1167 1217 1303 1271 Ajax.

165 1337 262 1374 gessit
279 1336 343 1367 sine
359 1337 489 1375 arbitro,
504 1347 631 1378 quorum
652 1348 714 1368 nox
729 1339 794 1369 sola
810 1342 855 1370 est
871 1339 968 1369 testis.
1013 1339 1154 1378 Agnosco
1169 1338 1327 1376 ingentem
1342 1338 1509 1368 mercedem
1521 1336 1628 1378 posci:

167 1379 220 1409 sed
234 1380 415 1419 competitor
428 1380 534 1418 Ajucis
549 1381 628 1410 tollit
644 1381 776 1411 laudem.
825 1381 1033 1415 Quantumeis
1045 1380 1163 1420 aliquid
1174 1380 1215 1410 sit
1227 1389 1384 1417 magnum,
1400 1389 1458 1409 non
1473 1383 1517 1410 est
1528 1380 1630 1418 glori-

167 1431 251 1451 osum
275 1425 467 1452 consecutum
484 1432 558 1459 esse,
574 1423 724 1462 siquidem
745 1423 870 1463 Ulysses
892 1423 968 1453 illud
984 1424 1130 1461 speravit.
1178 1421 1243 1451 Iste
1259 1421 1330 1457 jam
1353 1430 1433 1451 nunc
1461 1422 1629 1452 mercedem

167 1465 341 1503 reportavit
356 1464 444 1502 hujus
454 1464 658 1494 contentionis
667 1475 678 1500 ;
701 1474 742 1495 ex
759 1475 818 1504 qua
834 1474 902 1495 cum
917 1467 1079 1503 superatus
1094 1463 1281 1500 discesserit,
1297 1462 1417 1493 dicetur
1432 1471 1547 1493 mecum
1561 1472 1632 1493 con-

166 1505 309 1537 tendisse.
356 1508 458 1544 Atque
473 1516 540 1544 ego,
551 1507 578 1535 si
594 1507 692 1536 virtus
706 1516 773 1537 mea
788 1511 865 1538 esset
883 1508 1013 1543 incerta,
1026 1506 1156 1536 valerem
1166 1514 1290 1544 genere,
1303 1508 1390 1535 ortus
1402 1514 1441 1535 ex
1451 1504 1612 1536 Telamone
1622 1515 1633 1535 :

166 1547 220 1587 qui
233 1548 352 1587 potitus
367 1552 411 1578 est
428 1549 526 1578 muris
541 1548 648 1578 Iliacis
670 1549 724 1579 suh
746 1554 872 1579 strenuo
897 1548 1046 1587 Hercule,
1071 1551 1164 1588 atque
1186 1547 1267 1578 adiit
1290 1548 1397 1578 littora
1423 1547 1536 1578 Colcha
1559 1548 1631 1578 nuti

170 1590 336 1629 Pagasoea.
380 1591 496 1620 AEacus
522 1594 566 1620 est
591 1591 663 1621 huic
685 1594 787 1631 pater,
809 1593 860 1632 qui
881 1591 938 1630 J’ns
961 1592 1038 1622 dicit
1063 1591 1194 1621 mortuis
1220 1590 1285 1620 illic
1309 1589 1361 1620 ubi
1384 1594 1506 1620 saxum
1521 1587 1632 1629 ingens

166 1632 304 1663 solicitat
321 1632 488 1673 Sisyphum
504 1633 659 1665 AE'oliden.
694 1634 863 1674 Supremas
876 1635 1007 1673 Jupiter
1021 1632 1184 1673 confitetur
1197 1633 1329 1663 AE'acum
1344 1641 1407 1662 esse
1408 1632 1517 1673 filium
1531 1642 1631 1665 suum.

784 1715 1016 1726 ‘eoeneum‘

169 1769 403 1800 Berolin.—-19
427 1769 466 1800 In
483 1769 684 1810 quibusdam
703 1770 772 1810 Ipse
799 1770 941 1801 lule—20
967 1770 1035 1805 Quo
1065 1769 1186 1800 Heius.
1210 1768 1307 1800 dedit
1334 1778 1375 1799 ex
1393 1769 1443 1799 Fi.
1458 1769 1491 1800 S.
1508 1768 1633 1809 Marci,

170 1812 389 1852 Bernegg.et
408 1812 540 1851 Fragm.
568 1812 739 1843 Boxliorn.
778 1811 846 1842 Alii
875 1813 949 1850 Qui,
979 1812 1031 1842 vel
1058 1812 1245 1846 Quom—21
1284 1811 1440 1843 Quatuor
1467 1811 1524 1842 Ast
1550 1821 1630 1850 ego;

172 1855 304 1894 Fragm.
333 1855 504 1885 Boxliorn.
529 1855 723 1895 Atqui-24
749 1854 900 1885 Berolin.
926 1856 1177 1893 Pegasoea.—·25
1205 1854 1232 1884 1.
1251 1863 1301 1894 pr.
1328 1854 1415 1884 Mor.
1433 1859 1468 1884 et
1494 1854 1571 1885 Bas.
1587 1853 1632 1885 Ο.

168 1897 291 1938 aliique
308 1897 405 1928 multi
420 1897 521 1928 silent.
538 1897 754 1928 umbris.—26
777 1897 928 1928 Strozzae
945 1902 980 1927 et
996 1897 1098 1928 Barb.
1122 1897 1263 1928 AEoltdes
1284 1906 1310 1926 s.
1326 1907 1359 1935 g.
1387 1896 1541 1936 Sisyphus
1557 1905 1632 1926 u.—

169 1943 208 1970 27
236 1939 375 1971 Plurimi
405 1941 565 1979 agnoscit:
602 1940 689 1980 vulg.
721 1949 800 1970 vero
826 1941 1052 1979 ‹ignaria-28
1076 1939 1143 1971 Alii
1166 1950 1185 1970 α
1202 1940 1361 1970 Jove-2⁰
1388 1939 1439 1969 Ex
1457 1938 1630 1979 plerisque

828 2033 972 2064 NOTAE

217 2101 256 2128 15
282 2098 372 2138 Nox]
411 2098 458 2129 Ut
476 2103 534 2129 ant
555 2098 646 2129 nulla
660 2099 728 2129 sint
744 2098 876 2139 Ulyssis

170 2147 275 2188 facta,
290 2154 349 2179 aut
364 2148 481 2189 qualia
503 2149 642 2190 ignavus
660 2149 803 2190 quisque
818 2160 875 2190 ap·

974 2102 1013 2130 25
1041 2099 1143 2139 Huic]
1169 2099 1361 2137 Telamoni,
1378 2098 1522 2129 scilicet.

975 2150 1039 2185 Qui
1062 2149 1152 2190 jura]
1198 2148 1300 2190 Apud
1327 2148 1462 2180 Inferos
1480 2147 1633 2189 judicem

172 2198 306 2239 probet.

216 2252 256 2280 16
281 2248 416 2288 Μαρια]
443 2249 578 2290 Quippe
595 2258 688 2280 arma
700 2248 842 2280 Achiuis
856 2259 875 2280 a

171 2300 325 2330 Vulcano
341 2298 520 2330 fabricata.

218 2352 254 2380 17
280 2350 435 2390 AEmulus]
469 2349 620 2390 Ulysses,
637 2350 778 2382 scilicet.

210 2402 250 2431 23
264 2399 372 2440 Cepit]
383 2400 602 2430 Telamonem
614 2399 732 2440 Ajacis
745 2405 877 2440 patrem

175 2451 319 2492 primum
332 2451 448 2490 Trojae
474 2459 589 2480 muros
603 2459 797 2490 superasse,
813 2460 879 2491 quo

174 2508 327 2543 tempore
340 2502 383 2532 ab
398 2502 547 2533 Hercule
559 2507 879 2542 expugnata,supra

176 2553 332 2584 vidimus.

217 2606 257 2635 2⁴
284 2603 453 2643 Pergama]
468 2603 684 2639 Thessalica3
709 2612 727 2633 a
740 2602 878 2643 Pagasis

173 2653 354 2684 'l'liennliae
371 2654 462 2684 urbe.

221 2703 350 2743 Colcha]
361 2704 399 2734 ln
412 2704 556 2735 Colchos
568 2704 658 2734 enirn
667 2713 743 2734 cum
753 2703 879 2735 Jasone

176 2766 209 2795 p·
219 2754 366 2786 ot'ectum
404 2754 625 2786 Telamonem
672 2759 787 2785 uotum
835 2763 877 2785 ex

171 2804 417 2845 superioribus.

931 2201 1156 2232 constitutum
1194 2199 1298 2231 fuisse
1336 2199 1476 2230 AEacum
1510 2199 1636 2240 saepius

931 2251 1132 2281 monuimus.

973 2303 1016 2331 26
1039 2300 1211 2342 Sisyphon]
1253 2300 1356 2331 Latro
1373 2299 1438 2331 fuit
1453 2300 1634 2341 Sisyphus,

931 2360 951 2382 a
979 2352 1111 2382 Theseo
1137 2351 1283 2390 occisus,
1310 2351 1364 2382 cui
1392 2351 1425 2381 in
1452 2350 1577 2382 Inferis
1601 2351 1635 2382 id

932 2401 1092 2442 supplicii
1117 2401 1250 2441 datum,
1266 2406 1304 2432 ut
1321 2402 1438 2442 ingens
1460 2411 1576 2431 saxum
1593 2400 1635 2431 ad

931 2452 1058 2482 excelsi
1086 2451 1222 2488 montis]
1249 2451 1412 2482 verticem
1446 2452 1635 2491 provolvat,

933 2502 1021 2544 quod
1038 2503 1136 2533 simul
1153 2512 1193 2533 ac
1209 2511 1372 2533 cacumen
1399 2503 1513 2539 attigit
1532 2500 1637 2532 conti-

932 2561 999 2582 nuo
1011 2551 1165 2582 deorsum
1182 2552 1376 2582 revolvitur.
1402 2551 1509 2590 Hujus
1523 2554 1636 2581 autem

932 2602 996 2634 lioc
1013 2603 1132 2634 iuloco
1145 2602 1233 2643 Ajax
1252 2601 1416 2637 meminit,
1429 2611 1488 2640 pro
1505 2599 1636 2640 Ulyssis

933 2653 1116 2693 opprobrio
1128 2663 1136 2690 ;
1148 2661 1288 2692 namque
1301 2651 1373 2690 ojus
1384 2657 1525 2680 matrem
1539 2649 1636 2682 Anti·

933 2704 1040 2734 eleum
1058 2702 1295 2742 compressisse
1323 2700 1502 2740 Sisyphum
1526 2699 1635 2740 prius-

934 2764 1032 2796 quam
1048 2754 1089 2785 ad
1107 2753 1252 2784 herten
1269 2751 1464 2793 duceretur,
1483 2750 1635 2783 nonnulli

933 2805 1151 2846 scripserunt.
