1831 3023
461 243 831 279 ium-AMORPHOS
841 244 932 274 eon
969 244 1063 275 mn.
1095 247 1182 276 vn.
1441 236 1556 278 1225

95 339 374 382 Carminibus
394 343 550 392 grates,
572 342 617 378 et
639 336 723 377 Dis
746 336 1000 377 auctoribus
1019 336 1188 377 horum.

95 408 357 461 Pervigilem
378 409 577 458 superest
596 404 742 444 herbis
761 405 910 457 sopire
931 403 1166 444 draconem
1187 416 1198 455 ;

95 473 186 524 Qui
206 475 340 515 crista
358 472 602 524 linguisque
624 470 765 510 tribus
785 471 1033 524 praesignis,
1055 473 1097 511 et
1116 471 1244 511 uncis

96 540 318 581 Dentibus
339 537 590 586 horrendus,
614 541 768 578 custos
790 542 884 578 erat
904 538 1050 577 arietis
1071 537 1204 578 aurei.

96 607 233 649 Hunc
254 610 489 661 postquam
509 605 673 658 sparsit
693 603 866 646 Lethaei
887 604 1080 657 gramine
1102 604 1250 656 succi;

94 674 332 728 Verbaque
354 678 416 713 ter
433 672 547 713 dixit
567 671 770 726 placidos
792 672 999 713 facientia
1019 683 1213 720 somnos,

96 740 208 792 Quae
227 753 345 782 mare
366 741 600 790 turbatum,
623 752 725 793 quae
746 739 920 780 concita
939 738 1119 780 flumina
1139 738 1326 790 sistant3

96 808 282 850 Somnus
301 808 347 849 in
367 809 539 860 ignotos
560 807 712 848 oculos
731 807 928 860 subrepit
945 821 954 847 :
985 810 1028 847 et
1052 818 1156 847 auro

95 874 244 916 Heros
265 875 474 916 AEsouius
497 876 687 929 potitur:
720 875 952 929 spolioque
975 874 1208 928 superbus,

95 940 290 982 Muneris
308 946 529 984 auctorem
551 954 717 991 secum,
740 942 883 996 spolia
903 942 1056 990 altera,
1079 944 1275 995 portans,

94 1007 253 1050 Victor
274 1008 496 1051 Iolciacos
518 1009 662 1062 tetigit
681 1023 779 1052 cum
800 1010 990 1063 conjuge
1016 1013 1186 1062 portus.

1469 470 1554 511 150

1474 805 1560 846 155

92 1107 343 1147 incantamentis,
358 1110 388 1139 et
402 1108 478 1140 Diis
491 1107 669 1139 auctoribus
684 1117 798 1139 eorum.
845 1108 960 1139 Restat
975 1108 1075 1156 sopire
1088 1106 1285 1148 graminibus
1300 1108 1462 1138 draconem
1479 1107 1562 1139 inso-

90 1150 206 1190 μὶἱιιηι,
231 1151 284 1191 qui
300 1150 438 1191 quidem
454 1151 550 1182 cri-§ta
566 1155 596 1182 et
622 1151 725 1182 tribus
751 1150 869 1190 linguis
891 1151 1081 1199 conspicuus,
1106 1154 1198 1191 atque
1225 1151 1326 1182 acutis
1340 1150 1484 1181 dentibus
1498 1153 1562 1181 ter-

94 1192 208 1232 ribilis,
222 1197 325 1223 custos
339 1197 407 1224 erat
422 1194 545 1225 veneris
558 1194 657 1225 aurei.
702 1193 875 1233 Postquam
901 1195 935 1224 in
960 1194 1040 1225 hunc
1066 1194 1175 1233 injecit
1201 1193 1311 1224 herbas
1333 1193 1415 1224 succi
1430 1192 1564 1232 Lethaei,

95 1238 202 1275 terque
208 1236 341 1275 protulit
358 1245 443 1267 voces
458 1236 634 1266 inducentes
645 1236 780 1276 quietum
791 1245 942 1290 soporem,
951 1247 1019 1284 quoe
1026 1237 1149 1284 possint
1159 1245 1273 1277 pacare
1284 1246 1387 1276 ‹equor
1398 1235 1563 1274 concitum,

95 1280 126 1307 et
133 1277 269 1318 flumrna
285 1278 422 1318 agitata,
444 1289 534 1318 sopor
547 1278 688 1309 illabitur
704 1279 737 1308 in
760 1280 861 1309 oculos
877 1279 975 1309 somni
992 1278 1131 1310 nescios·
1121 1302 1130 1314 ,
1154 1283 1185 1309 et
1203 1278 1307 1309 Herae
1323 1278 1470 1309 AEsonius
1482 1277 1565 1316 poti-

95 1324 148 1350 tur
162 1330 260 1356 auro,·
281 1325 373 1361 atque
388 1322 486 1351 elatus
500 1321 607 1360 spolio,
632 1324 661 1351 et
682 1320 791 1359 ferens
804 1331 907 1352 secum
928 1321 1029 1351 altera
1045 1320 1144 1361 spolia
1170 1324 1327 1351 auctorem
1350 1320 1437 1359 doni,
1462 1319 1564 1349 victor

94 1363 214 1403 appulit
230 1364 271 1394 ad
282 1367 392 1403 portus
407 1364 553 1394 Iolciacos
566 1373 636 1394 cum
650 1372 758 1394 uxore.

709 1445 788 1456 mo

98 1501 199 1536 Quam
213 1501 370 1532 lia—150
393 1500 496 1540 Vulg.
512 1502 581 1531 erat
609 1499 730 1530 arbor-is
753 1509 867 1531 aureae.
911 1497 954 1529 In
978 1498 1089 1530 altero
1117 1497 1305 1539 Hamburg.
1338 1498 1449 1530 arietis
1473 1498 1566 1535 auri;

96 1543 185 1575 unde
202 1543 325 1575 Heius.
341 1543 476 1574 emend.
493 1542 605 1573 arieti-³
619 1543 829 1573 aur·ei.—l52
853 1541 997 1572 Plurimi
1015 1541 1091 1572 libri
1108 1541 1246 1572 carmine
1261 1541 1464 1573 succi.—-153
1482 1542 1567 1573 Dis.

93 1586 241 1626 grat-idos
258 1586 328 1624 sac.
345 1595 387 1617 ex
416 1585 491 1616 Pal.
520 1585 672 1618 faciebat
698 1584 873 1617 Gebhard.
900 1584 1076 1625 Crepund.
1094 1593 1149 1615 ιιι.
1167 1587 1327 1615 liz—154
1349 1584 1478 1625 Sprotii
1506 1584 1566 1616 lib.

94 1639 177 1660 conc.
194 1628 343 1670 flamina.
389 1628 512 1659 Sistant
538 1638 581 1660 ex
607 1632 686 1659 octo
711 1628 827 1666 libris;
860 1627 949 1668 vulg.
973 1628 1098 1658 sistunt.
1124 1628 1206 1658 Lov.
1232 1627 1266 1658 in
1289 1627 1440 1659 immotos.
1464 1626 1567 1668 Vulg.

95 1671 171 1703 ocul.
186 1672 339 1708 «ὀκνείω
364 1671 419 1702 Fr.
435 1671 578 1702 det-enit:
602 1670 736 1712 quidam
764 1670 843 1701 libri
859 1670 980 1710 scripti
995 1676 1030 1701 et
1053 1669 1144 1701 Edd.
1167 1669 1219 1700 ubi
1243 1671 1327 1701 venit
1343 1681 1352 1699 :
1376 1679 1459 1701 uuus
1474 1669 1566 1701 Mor.

97 1723 186 1751 nunc,
201 1714 287 1745 alius
301 1714 385 1750 huic.
403 1723 488 1744 unus
504 1714 602 1744 Voss
633 1713 694 1744 sibi
718 1714 823 1744 venit.-
860 1712 981 1744 Heius.
1009 1712 1101 1752 conj.
1125 1712 1383 1752 subrepit—156
1407 1713 1502 1744 Unus
1523 1712 1566 1743 V.

100 1755 180 1786 Her.
195 1756 387 1787 Hemoniae.
424 1756 465 1786 In
483 1765 548 1787 uno
566 1754 700 1787 Ciofani
724 1756 801 1796 spol.
826 1755 1088 1796 superbit.—l58
1113 1754 1181 1785 Alii
1199 1755 1349 1786 scribunt
1368 1755 1568 1790 Colchion-ou

99 1799 151 1829 vel
167 1798 270 1830 etiam
287 1799 451 1839 Cecropios
472 1799 610 1830 babent.
657 1798 727 1829 Pro
744 1798 852 1837 tetigit
868 1798 976 1829 Gron.
997 1803 1032 1828 et
1048 1803 1195 1838 quatuor
1211 1797 1267 1828 alii
1282 1798 1394 1829 tenuit.
1440 1797 1481 1828 In
1498 1805 1565 1828 uno

758 1898 897 1931 NOTAE

861 1974 1012 2005 homines
1029 1974 1061 2005 in
1080 1975 1227 2004 maxima
1243 1973 1394 2014 pericula
1408 1972 1567 2013 conjecit.

863 2025 930 2055 Alii
957 2024 1000 2055 ad
1031 2034 1141 2055 mores
1172 2023 1320 2055 fabulam
1353 2022 1520 2060 referunt,
1548 2031 1568 2052 a

861 2075 982 2115 quibus
1007 2074 1146 2114 Medea,
1169 2079 1206 2104 ut
1234 2083 1300 2104 vox
1325 2078 1434 2112 sonat,
1450 2071 1569 2103 Consi-

861 2125 940 2155 lium
955 2124 1175 2163 intelligitur3
1200 2134 1267 2165 quo
1289 2123 1391 2154 animi
1407 2123 1572 2163 impetus,

862 2174 1102 2215 libidinosique
1142 2174 1213 2214 ejus
1249 2171 1408 2212 affectus,
1448 2174 1571 2214 tauris,

861 2224 1002 2255 armatis
1032 2224 1238 2262 hominibus,
1267 2223 1470 2256 draconibus
1496 2224 1568 2266 qui·

860 2275 1010 2306 buslibet
1051 2275 1151 2316 pejus
1189 2274 1314 2305 homini
1353 2274 1567 2315 insidiantes,

861 2326 1053 2366 sopiuntur,
1071 2325 1287 2366 franguntur,
1304 2331 1339 2356 et
1357 2326 1549 2356 domantur.

145 1978 205 2007 150
230 1974 355 2015 Tribus]
390 1975 546 2006 Trisulca
572 1975 710 2006 videtur
737 1985 805 2005 ser-

99 2032 238 2067 pentum
269 2025 393 2065 lingua,
416 2026 494 2066 quia
522 2034 597 2056 earn
627 2025 805 2056 celerrime

101 2075 248 2107 vibrant.

144 2127 205 2156 152
227 2123 364 2164 Leehaea‘]
388 2123 428 2155 Id
453 2128 518 2164 est,
533 2123 738 2156 oblivionem
757 2124 804 2154 in—

99 2175 274 2213 «lucenam
297 2173 482 2206 somniferi.

143 2228 205 2257 154
229 2226 310 2261 Quoe
324 2224 423 2265 mare]
448 2224 543 2257 Nihil
567 2234 633 2256 non
656 2225 805 2256 incanta-

100 2276 225 2308 mentis
242 2275 401 2307 tribuisse
426 2279 562 2306 veteres
576 2275 609 2306 in
625 2274 805 2316 superiori·

103 2327 164 2359 bus
178 2326 333 2358 vidimus.

144 2381 203 2409 155
222 2377 362 2419 Ignotos]
376 2376 553 2415 Draconis,
571 2376 714 2415 scilicet,
733 2385 804 2416 per-

102 2427 224 2469 vigilis.

142 2477 244 2518 Auro]
257 2478 394 2509 Vellere
407 2486 522 2516 aureo,
536 2477 589 2508 vel
601 2486 683 2507 auro
698 2483 806 2516 certe,

101 2529 189 2570 quod
206 2539 249 2560 ex
265 2529 401 2560 Graecia
418 2529 575 2568 Phryxus
591 2527 805 2566 abstulisset;

103 2580 154 2610 vel
184 2589 238 2619 eo,
266 2579 355 2621 quod
389 2578 573 2621 perforatis
604 2578 740 2618 tabulis,
768 2584 803 2610 et

104 2629 295 2668 velleribus,
308 2635 502 2661 transverso
516 2628 652 2660 flumine
668 2639 807 2670 suspen-

103 2681 158 2719 sis,
183 2679 302 2711 Colchi
331 2689 373 2710 ex
401 2679 468 2709 suis
499 2677 624 2718 fluvii»,
648 2681 721 2710 auri
755 2689 806 2710 ra-

104 2734 219 2761 menta
235 2729 450 2768 vehentibus,
465 2729 624 2770 colligere
641 2730 806 2770 putaban-

104 2787 171 2812 tur.
216 2780 294 2814 sam
311 2778 369 2811 diu
394 2779 484 2811 enirn
500 2779 572 2812 auri
587 2789 684 2812 ncta
699 2779 806 2813 sames

905 2379 965 2407 157
996 2376 1138 2408 Muneris
1174 2376 1345 2416 auctorem]
1392 2376 1566 2415 Medeam,

860 2427 1006 2466 scilicet,
1021 2438 1097 2469 qnae
1115 2432 1219 2458 noctu
1242 2426 1284 2458 ad
1312 2426 1444 2457 velleris
1471 2426 1566 2457 aurei

860 2479 1019 2510 custodes
1033 2489 1094 2519 per
1104 2479 1216 2509 dolum
1228 2477 1387 2516 admissa,
1396 2478 1493 2508 simul
1505 2476 1567 2507 Ar-

861 2537 1024 2573 gonautas
1041 2529 1244 2569 introduxit,
1260 2534 1426 2570 raptoque
1443 2527 1566 2558 vellere

859 2592 935 2613 cum
951 2582 1079 2614 jasone
1095 2579 1239 2619 aufugit.

905 2636 966 2663 155
980 2632 1141 2671 Iolciacos]
1151 2630 1380 2660 Thessalicos:
1399 2626 1460 2656 suit
1474 2625 1565 2656 enim

861 2682 974 2714 Iolcus
1000 2682 1079 2712 urbs
1106 2679 1299 2717 Thessaliae,
1327 2685 1391 2707 nou
1420 2676 1517 2717 longe
1544 2683 1565 2706 a

859 2732 955 2774 mari,
969 2730 1105 2765 Jasonis
1122 2728 1241 2771 patria.
