1831 3023
508 199 978 235 METAMORPHosssoN
1013 199 1110 229 ΜΒ.
1142 199 1251 229 vm.
1495 187 1608 230 1295

155 299 366 350 Exilium,
387 302 633 349 tractusque
655 294 740 334 soli
760 293 919 333 natalis
941 305 1104 342 amore,

157 365 341 408 Clausus
359 370 450 407 erat
468 364 637 418 pelago.
697 360 858 400 Terras
877 360 997 409 licet,
1016 360 1170 414 inquit,
1190 363 1235 399 et
1251 356 1390 398 undas
1526 356 1610 397 185

157 432 391 474 Obstruat:
422 436 466 472 at
486 429 646 471 coelum
668 432 782 468 certe
804 432 949 481 patet:
980 429 1141 468 ibimus
1162 426 1281 468 illac.

157 500 319 541 Omnia
341 497 591 552 possideat3
621 507 706 535 non
728 494 931 547 possidet
950 495 1052 536 a'era
1078 495 1236 536 Minos.

158 567 308 608 Dixit:
337 570 380 606 et
399 565 572 617 ignotas
595 563 785 602 animum
807 562 989 603 dimittit
1008 564 1054 603 in
1072 567 1187 603 artes
1206 576 1216 604 :

157 634 461 685 Naturamque
482 634 627 671 novat.
688 628 806 670 Nam
827 632 951 683 ponit
970 632 1014 670 in
1036 631 1186 672 ordine
1208 641 1388 683 pennas,

155 702 198 742 A
217 701 394 741 minima
414 702 600 751 coeptas,
621 697 796 749 longam
813 697 1009 738 breviore
1029 698 1226 750 sequenti
1244 711 1253 738 :
1524 693 1610 734 190

156 768 218 809 Ut
236 768 350 808 clivo
371 766 563 807 crevisse
583 767 728 818 putes.
788 764 864 805 Sic
885 765 1052 805 rustica
1074 763 1294 817 quondam

156 834 325 875 Fistula
344 833 591 887 disparibus
613 832 825 885 paulatim
847 833 984 886 surgit
1002 833 1168 873 avenis.

154 901 269 942 Tum
286 901 374 942 lino
395 900 578 950 medias,
601 904 644 941 et
663 900 777 941 ceris
799 900 952 953 alligat
973 901 1100 942 imaS.

154 967 302 1022 Atque
324 968 385 1009 ita
406 968 682 1020 compositas
700 980 841 1021 parvo
865 969 1115 1008 curvamine
1135 967 1297 1019 flectit;

156 1035 218 1078 Ut
237 1048 362 1077 veras
382 1036 600 1077 imitentur
621 1048 738 1077 aves.
797 1035 916 1076 Puer
938 1035 1092 1076 Icarus
1112 1047 1201 1075 una
1526 1030 1611 1073 195

157 1103 332 1145 Stabat:
363 1107 421 1153 et,
442 1103 618 1157 ignarus
641 1116 723 1144 sua
745 1116 792 1144 se
813 1107 999 1144 tractare
1018 1103 1198 1156 pericla,

158 1171 244 1212 Ore
264 1170 489 1220 renidenti,
510 1170 642 1211 modo
663 1182 774 1224 quas
797 1182 906 1223 vaga
925 1174 1127 1211 moverat
1146 1183 1269 1220 aura,

152 1323 278 1362 patriae,
293 1326 428 1353 retentus
442 1327 509 1354 erat
526 1324 615 1355 mari.
649 1323 843 1362 Quanquam,
858 1324 915 1362 uit,
929 1325 1052 1354 claudat
1069 1328 1169 1355 terras
1185 1328 1215 1354 et
1237 1333 1342 1363 aquas,
1354 1327 1388 1354 ut
1403 1322 1541 1363 profecto
1557 1320 1612 1352 ae'r

155 1368 199 1395 est
216 1369 364 1404 apertus:
387 1366 576 1396 discedemus
594 1367 673 1396 illac.
719 1366 826 1395 Minos
841 1366 968 1405 imperet
992 1367 1122 1403 cunctis,
1140 1376 1199 1396 non
1224 1366 1388 1405 imperium
1407 1363 1555 1395 obtinebit
1579 1363 1612 1393 in

153 1407 266 1438 aerem.
312 1408 408 1438 Din't
425 1419 435 1444 ,·
465 1412 494 1438 et
521 1408 671 1438 conterat
686 1407 843 1446 ingenium
857 1410 896 1438 ad
912 1412 997 1439 arces
1010 1410 1178 1445 inauditas,
1195 1412 1224 1438 et
1246 1412 1336 1438 novat
1353 1411 1518 1439 naturam:
1541 1415 1614 1436 nam

155 1449 315 1480 concinnat
329 1460 444 1489 pennas
457 1454 570 1491 coeptas
584 1460 603 1480 ιι
620 1450 762 1488 minima,
777 1449 915 1481 bret-iore
929 1454 1072 1490 sequente
1087 1451 1234 1490 longum,
1229 1461 1236 1467 ·
1260 1454 1293 1481 ut
1317 1452 1424 1482 credas
1450 1451 1482 1480 in
1506 1449 1613 1480 collem

155 1495 262 1522 auctas
277 1502 349 1523 esse.
394 1494 473 1524 Pari
497 1494 583 1523 modo
596 1492 712 1533 fistula
736 1493 870 1531 agrestis
894 1493 1007 1524 sensim
1028 1493 1097 1531 fuit
1125 1494 1197 1524 olim
1222 1494 1389 1533 composita
1414 1491 1615 1532 inaequalibus

155 1535 368 1566 arundinibus.
416 1536 493 1566 Tum
515 1535 667 1566 connectit
697 1535 812 1565 medias
839 1535 914 1574 lino,
939 1539 970 1566 et
995 1536 1116 1577 infimas
1138 1536 1235 1567 ceris.-
1258 1540 1348 1576 atque
1365 1536 1409 1566 ita
1425 1537 1616 1565 constructas

156 1580 263 1608 curt-at
285 1578 398 1617 exiguo
414 1577 520 1618 flexu,
542 1580 576 1608 ut
591 1577 753 1608 imitentur
768 1587 856 1608 teras
871 1587 951 1608 aves.
998 1579 1086 1609 Puer
1102 1578 1208 1609 Icarus
1222 1589 1282 1609 una
1297 1580 1431 1613 aderat;
1452 1581 1480 1608 et
1497 1576 1617 1608 nescius

155 1622 305 1652 necuere
316 1630 373 1651 sua
388 1621 581 1660 discrimina,
597 1630 676 1651 nunc
702 1620 773 1650 loeto
790 1620 876 1650 vultu
903 1621 1089 1661 corripiebat
1112 1631 1241 1661 pennas,
1263 1631 1338 1662 quas
1360 1624 1468 1652 tentus
1493 1619 1617 1650 mobilis

770 1705 1003 1716 ”emo

162 1760 222 1789 184
235 1758 367 1790 Tractus
382 1770 423 1791 ex
440 1760 532 1791 Med.
557 1760 675 1791 Heius.
691 1759 822 1799 recepit
836 1769 898 1800 pro
914 1760 1002 1799 vulg.
1019 1763 1142 1795 tuctus;
1164 1759 1296 1790 Briant.
1318 1762 1436 1798 captus.
1460 1758 1525 1788 Soli
1541 1763 1615 1788 erat

160 1800 194 1830 in
211 1810 276 1832 uno
294 1802 387 1832 Leid.
404 1803 460 1832 alii
485 1803 663 1833 locun-180
681 1802 840 1832 Heidelb.
855 1805 962 1841 putet.-
986 1806 1016 1833 et
1042 1803 1112 1833 licet
1129 1803 1234 1832 armis.
1239 1804 1344 1832 —188
1367 1801 1460 1831 Unu
1478 1801 1565 1830 Mor.
1583 1804 1615 1830 et

158 1843 297 1881 ignarae,
313 1843 371 1875 Pr.
387 1845 428 1875 V.
443 1845 572 1882 animos,
591 1845 671 1875 Lov.
688 1854 790 1874 mrum
802 1844 876 1873 dim.
910 1844 1032 1876 Heins.
1048 1845 1134 1885 conj.
1147 1845 1249 1874 animo
1263 1843 1405 1874 devertit.
1430 1842 1512 1882 Arg.
1529 1851 1614 1873 unns

160 1888 333 1922 contet-tim
356 1887 410 1917 alu
423 1887 574 1925 demittit
591 1892 624 1917 et
640 1887 774 1917 demisit.
779 1888 884 1916 -189
903 1887 1020 1919 Heius.
1034 1887 1180 1918 malebat
1200 1887 1277 1917 N.ut
1290 1885 1553 1924 noianstlisponit
1568 1885 1615 1924 in,

159 1930 211 1966 dyc.
225 1930 301 1969 qnia
316 1939 399 1959 nnus
416 1930 542 1960 Bonon.
559 1929 662 1960 habet
679 1939 786 1959 notam
799 1938 859 1968 pro
872 1933 1019 1960 norat.—
1024 1933 1084 1961 19⁴
1096 1931 1178 1960 Tres
1194 1929 1269 1959 lilni
1286 1929 1330 1958 ita
1346 1927 1616 1967 dispositas..l11n.

158 1980 313 2010 pur-toque
335 1973 604 2002 cacumina—195
633 1972 748 2002 Heius.
769 1981 811 2001 ex
829 1971 937 2002 Codd.
962 1972 1058 2003 dedit
1079 1973 1262 2007 imitentur;
1285 1971 1339 2001 alii
1355 1972 1615 2000 imitemin—197

161 2013 331 2054 Bernegg.
354 2014 387 2045 in
405 2024 505 2046 voces
530 2015 586 2045 Or.
602 2014 699 2045 renid.
718 2023 780 2054 pro
802 2022 870 2044 var.
888 2014 967 2046 lect.
983 2014 1124 2046 exhibet
1139 2015 1288 2054 Mor-eque
1312 2013 1456 2044 ludentis.
1480 2012 1615 2043 Deinde

815 2108 959 2141 NOTAE

161 2186 356 2220 interficere
373 2191 522 2219 tentans.
567 2187 644 2220 Qua
659 2187 701 2217 de
717 2196 752 2217 re
769 2185 860 2217 vide·
915 2185 1082 2227 custodia,
1097 2197 1176 2228 quo,
1190 2190 1331 2228 propter
1348 2189 1506 2217 navatam
1523 2184 1617 2216 Pasi-

164 2238 208 2269 sis
223 2237 410 2279 Hyginum.
917 2237 1012 2277 phaae
1030 2237 1062 2268 in
1092 2237 1261 2268 amoribus
1286 2246 1473 2278 operam‚a
1499 2235 1616 2268 Minoe

208 2287 417 2329 Anguemque]
441 2287 639 2328 Ophiuchus
663 2287 797 2318 Graecis
814 2287 862 2318 (li-
916 2287 1086 2320 detrusus.

162 2339 263 2377 citur,
288 2338 378 2369 sidus
405 2338 559 2377 coeleste,
585 2346 684 2378 quem
712 2337 861 2369 nonnulli
960 2341 1022 2369 189
1052 2338 1170 2378 Not-at]
1197 2338 1296 2377 Quia,
1312 2342 1348 2369 ut
1374 2337 1481 2379 inquit
1506 2337 1617 2368 Hora-

164 2389 408 2429 AEscnlapium,
435 2389 537 2419 alium
580 2387 648 2427 alii,
677 2386 708 2418 in
738 2388 861 2418 coelum
919 2388 1000 2427 lius,
1039 2389 1236 2429 ‘Expertus
1276 2398 1418 2420 vacuum
1451 2387 1617 2418 Daedalus

162 2440 362 2470 translatum
379 2438 693 2470 comminiscuntur.
918 2438 997 2470 ae'ra
1014 2439 1139 2469 Pennis
1156 2448 1221 2469 non
1237 2438 1360 2469 homini
1378 2436 1491 2468 datis.’

208 2491 268 2520 184
296 2490 451 2530 Exilium]
504 2487 641 2518 Athenis
669 2488 757 2518 enim
787 2497 863 2528 pro-
961 2489 1072 2530 Ponit]
1124 2489 1300 2522 Quomodo
1329 2488 1464 2519 alitibus
1497 2491 1618 2518 natura

164 2538 312 2580 fugerat,
336 2540 440 2570 caedis
469 2548 557 2576 reus,
579 2538 621 2568 ob
648 2536 864 2569 interfectum
919 2541 1066 2581 aptavit,
1084 2547 1120 2571 ut
1137 2540 1250 2571 aerem
1279 2538 1388 2570 valide
1415 2538 1542 2579 possint
1558 2537 1616 2567 iin-

166 2600 228 2630 per
244 2590 403 2622 invidiam
420 2590 636 2631 discipulum,
660 2600 759 2631 quem
783 2599 863 2621 non·
920 2591 1057 2633 pella-re.

165 2640 248 2671 nulli
265 2642 388 2672 sororis
406 2641 508 2672 filium
526 2641 747 2681 scripserunt.
962 2644 1022 2673 193
1050 2642 1184 2682 Medias]
1209 2641 1248 2672 Id
1267 2646 1329 2678 cst,
1348 2646 1530 2679 pennarum
1547 2645 1615 2667 nie-

212 2695 269 2723 185
295 2692 426 2732 pelago]
450 2693 537 2724 Nam
565 2692 598 2722 in
629 2691 734 2723 Creta
755 2692 863 2723 insula
918 2691 1006 2722 diam
1022 2697 1166 2732 partein,
1179 2691 1282 2722 sicuti
1298 2695 1333 2721 ct
1350 2699 1410 2730 per
1432 2689 1440 2705 ⁴
1457 2686 1550 2719 imas'
1567 2687 1614 2718 iu·

168 2747 255 2783 erut,
280 2742 412 2774 clausus
443 2742 580 2784 insuper
606 2742 787 2783 labyrinthi
812 2744 863 2775 sui
917 2742 1030 2775 limam
1046 2742 1208 2783 intellige.
