1831 3023
176 211 289 253 1306
660 224 698 254 Ρ.
734 224 892 254 ονιοιι
926 225 1137 255 NAsonis

174 317 246 358 Ex
266 317 448 359 humero
468 318 658 372 pendens
679 320 912 359 resonabat
933 320 1121 360 eburnea
1141 319 1254 361 laevo
1540 319 1625 362 320

173 384 380 426 Telorum
401 390 551 434 custos
568 401 577 428 :
610 400 758 428 arcum
776 400 950 439 quoque
970 388 1085 428 laeva
1105 388 1293 428 tenebat.

174 451 300 493 Talis
321 459 413 494 erat
433 456 598 495 cultus:
629 455 780 502 facies,
804 467 933 506 quam
956 455 1099 494 dicere
1120 468 1218 495 vere

174 519 429 573 Virgineam
450 523 495 561 in
514 534 668 574 puero,
690 521 902 573 puerilem
926 523 966 561 in
990 524 1152 575 virgine
1173 534 1342 576 posses.

177 588 308 629 Hanc
331 590 495 642 pariter
514 590 637 637 vidit,
670 589 834 641 pariter
856 589 1122 642 Calydonius
1143 591 1268 630 heros

176 655 377 709 Optavit,
398 659 599 696 renuente
622 656 744 695 Deo:
774 656 1059 709 flammasque
1076 658 1260 698 latentes
1545 655 1631 697 325

176 722 356 771 Hausit,
378 725 437 772 et,
460 721 498 761 O
521 722 644 771 felix,
663 723 699 762 si
723 735 854 775 quem
875 723 1136 774 dignabitur,
1156 725 1310 777 inquit,

173 788 272 829 Ista
293 790 455 830 virum!
517 789 613 830 Nec
633 790 759 843 plura
780 790 923 831 sinunt
944 794 1203 845 tempusque
1223 792 1449 846 pudorque

175 857 334 897 Dicere
352 871 360 897 :
394 857 532 910 majus
553 870 667 910 opus
687 859 830 910 magni
857 859 1102 899 certaminis
1124 863 1257 911 urget.

176 923 313 978 Sylva
331 924 535 976 frequens
557 924 772 975 trabibus,
796 939 929 979 quam
949 927 1065 966 nulla
1087 926 1302 967 ceciderat
1323 930 1447 977 aetas,

176 990 340 1044 Incipit
357 1005 384 1031 a
402 991 553 1044 plano,
573 991 832 1046 devexaque
854 994 1074 1047 prospicit
1093 1006 1213 1034 arva.
1266 1027 1273 1049 y.
1547 992 1632 1034 3:30

177 1057 279 1109 Quo
301 1063 533 1112 postquam
553 1072 709 1102 venere
730 1061 813 1101 viri
831 1075 841 1112 ;
872 1074 973 1114 pars
993 1062 1102 1102 retia
1122 1056 1304 1101 tendunt‘
1315 1075 1325 1101 z

174 1125 370 1167 Vincula
385 1141 488 1180 pars
510 1128 707 1168 adimunt
727 1129 934 1169 canibus:
965 1141 1065 1181 pars
1086 1141 1237 1181 pressa
1257 1130 1494 1180 sequuntur

176 1194 312 1247 Signa
333 1195 491 1247 pedum
514 1209 524 1235 ι
556 1195 828 1249 cupiuntque
849 1208 977 1236 suum
997 1195 1183 1249 reperire
1206 1194 1434 1248 periclum.

176 1259 383 1303 Concava
402 1263 534 1303 vallis
555 1267 667 1305 erat:
700 1276 787 1316 qua
808 1276 854 1303 se
876 1263 1100 1303 demittere
1119 1262 1203 1303 rivi

175 1326 421 1369 Assuerant
441 1330 651 1382 pluvialis
674 1343 829 1384 aquae:
860 1333 974 1371 tenet
994 1330 1083 1370 ima
1102 1320 1277 1371 lacunae
1550 1326 1637 1370 335

177 1394 315 1435 Lenta
340 1396 471 1445 salix,
492 1396 694 1449 ulvaeque
716 1397 850 1446 leves,
867 1396 1082 1450 juncique
1104 1397 1336 1449 palustres,

175 1461 220 1502 V
224 1461 456 1515 iminaque,
478 1467 522 1502 et
542 1463 668 1515 longa
689 1475 839 1515 parvae
861 1464 943 1503 sub
967 1463 1174 1504 arundine
1197 1476 1365 1505 cannae.

177 1527 297 1570 Hinc
317 1541 421 1582 aper
441 1529 615 1570 excitus
635 1529 806 1570 medios
828 1529 1046 1571 violentus
1066 1530 1112 1570 in
1132 1530 1282 1571 hostes

172 1675 309 1714 pendens
320 1685 360 1706 ex
375 1675 500 1706 humero
513 1675 638 1706 sinistro
655 1676 809 1716 strepebat
821 1686 832 1712 ;
852 1676 982 1707 sinistra
998 1677 1093 1708 eliam
1115 1676 1272 1707 tractabat
1287 1685 1402 1708 arcum.
1447 1676 1639 1714 Hujusmoai

176 1721 245 1748 erat
260 1721 408 1748 ornatas:
429 1719 545 1756 vultus,
562 1727 648 1757 quem
664 1728 732 1749 vere
748 1729 849 1758 posses
874 1721 1028 1758 appellare
1053 1719 1227 1758 virgineum
1253 1719 1286 1749 in
1311 1728 1417 1758 puero,
1442 1720 1590 1757 puerilem
1604 1719 1639 1750 in

175 1760 310 1798 virgine.
357 1760 462 1790 Heras
491 1760 680 1800 Calydonius
707 1762 784 1791 hanc
807 1761 899 1792 simul
914 1762 1048 1792 intuitus
1062 1765 1120 1800 est,
1135 1765 1165 1792 et
1178 1763 1269 1792 simul
1283 1761 1413 1801 cupivit,
1427 1761 1497 1792 Deo
1512 1771 1638 1792 averso.-

176 1805 266 1842 atque
296 1803 399 1833 traxit
426 1803 530 1842 ignem
555 1806 718 1844 secretum,
745 1808 775 1835 et
800 1805 859 1842 ait,
888 1804 916 1833 Ο
939 1803 1043 1835 beatus
1057 1805 1083 1834 si
1098 1806 1158 1834 ista
1173 1805 1304 1844 aliquem
1327 1804 1426 1835 virum
1440 1803 1639 1844 respexerit!

177 1845 286 1885 Neque
302 1848 422 1886 tempus
437 1848 467 1876 et
481 1846 579 1885 pudor
589 1846 754 1886 patiuntur
768 1847 856 1887 plura
870 1846 1008 1886 proferre
1019 1858 1028 1877 .-
1041 1856 1115 1887 opus
1130 1847 1225 1886 majus
1239 1847 1378 1886 ingentis
1389 1856 1512 1887 pugnoe.
1541 1846 1638 1888 Sylva

175 1888 273 1928 spissa
289 1887 462 1927 arboribus,
484 1898 574 1928 quam
589 1889 708 1920 nullum
718 1900 816 1920 cerum
832 1890 1011 1928 resciderat,
1026 1890 1138 1930 incipit
1149 1900 1167 1920 a
1181 1891 1283 1930 plano,
1305 1893 1337 1920 et
1346 1889 1498 1930 prospicit
1509 1891 1640 1921 declives

177 1940 308 1970 campos,
354 1931 422 1966 Quo
436 1934 598 1971 postquam
614 1932 676 1962 tiri
690 1933 909 1971 adventarunt,
933 1943 1007 1973 pars
1031 1936 1150 1972 ponunt
1161 1933 1284 1973 plagas,
1303 1942 1378 1972 pars
1393 1933 1504 1963 tollunt
1517 1933 1640 1964 vincula

178 1972 315 2012 canibus,
327 1983 402 2013 pars
417 1974 523 2013 legunt
538 1975 671 2014 vestigia
685 1977 808 2015 pedum,
828 1980 919 2015 atque
935 1979 1043 2014 optant
1059 1976 1198 2006 invenire
1211 1984 1298 2005 suum
1313 1975 1488 2005 discrimen.
1539 1974 1638 2006 Vallis

178 2018 246 2046 erat
262 2025 367 2055 curva,
395 2027 456 2057 quo
480 2017 668 2056 cogebantur
695 2018 756 2048 rivi
780 2028 866 2058 aquae
887 2018 1043 2058 pluvialis.
1087 2017 1181 2048 Salix
1196 2016 1333 2057 flexilis,
1357 2020 1388 2048 et
1410 2016 1490 2048 leves
1503 2017 1591 2056 ulvoe,
1605 2019 1637 2047 et

169 2056 260 2095 junci
271 2058 439 2098 palustres,
455 2063 486 2090 et
499 2060 628 2098 vimina,
644 2063 673 2090 et
686 2070 792 2099 parcoe
807 2070 912 2090 cannoe
930 2059 984 2090 sub
1000 2061 1092 2098 longa
1115 2060 1266 2090 arundine
1283 2063 1354 2090 sunt
1378 2058 1411 2089 in
1423 2062 1516 2099 parte
1529 2058 1636 2100 infima

179 2099 306 2131 tacunoe.
351 2101 462 2131 Soeoioe
489 2111 563 2141 aper
586 2103 657 2132 inde
679 2104 832 2132 excitatus
855 2102 919 2132 mit
935 2103 966 2132 in
981 2101 1082 2132 hostes
1095 2101 1259 2142 corffertos,
1273 2104 1418 2142 tanquam
1432 2101 1517 2141 ignis
1531 2111 1637 2133 excus-

787 2184 1023 2195 aeaeaeaeaeaeaeaeaeaeaeae

177 2237 428 2278 primam.——322
454 2238 564 2269 Cultus
582 2239 708 2269 Thuan.
743 2246 778 2269 et
802 2239 992 2278 complures
1021 2239 1100 2277 alii;
1139 2239 1230 2279 vulg.
1260 2238 1354 2270 culta.
1384 2238 1477 2270 Tert.
1501 2239 1576 2271 Pal.
1600 2244 1636 2272 et

181 2280 281 2311 Cant.
309 2281 370 2311 dic.
393 2280 588 2318 jura—323
613 2281 681 2312 Alii
709 2281 790 2321 virg.
813 2284 1030 2322 posses—327
1057 2283 1213 2314 Quatuor
1239 2281 1359 2321 scripti
1381 2282 1508 2318 simmt3
1543 2283 1635 2323 vulg.

178 2322 266 2353 sinit.
291 2324 421 2354 Arund.
438 2329 472 2354 et
489 2328 559 2354 tres
585 2324 640 2354 alii
657 2328 748 2364 temp.
770 2325 1029 2364 locusque.—329
1050 2325 1126 2355 Sec.
1145 2324 1239 2355 Med.
1258 2328 1293 2354 et
1312 2325 1352 2355 N.
1368 2325 1442 2355 null.
1458 2324 1637 2356 exciderat.-

181 2374 230 2405 pr.
247 2365 341 2397 Med.
357 2366 620 2398 ceciderit—334
645 2367 716 2402 Qua
740 2367 932 2408 quindecim
953 2368 1073 2406 scripti
1090 2378 1098 2405 ς
1126 2367 1210 2398 Edd.
1225 2377 1293 2408 quo.
1317 2366 1488 2398 Dimittere
1499 2377 1636 2408 quoque

179 2409 297 2439 niultae
313 2408 403 2439 Edd.
420 2414 455 2440 et
470 2409 587 2449 scripti
606 2410 874 2441 nonnulli.—336
899 2410 1018 2440 Heius.
1035 2410 1156 2450 jauciq.
1180 2411 1236 2441 lev.
1262 2410 1371 2449 ulvaeq.
1401 2411 1534 2449 palustr.
1566 2410 1636 2442 Pro

180 2450 287 2492 ulvaeq.
303 2460 388 2482 unus
404 2451 591 2493 Hamburg.
615 2452 870 2493 tiliaeque.-337
895 2452 963 2483 Alii
980 2456 1009 2483 et
1032 2455 1130 2492 longoe
1147 2462 1245 2493 parca
1257 2452 1434 2484 sub.--339
1457 2452 1560 2483 Liber
1576 2451 1635 2484 Al-

839 2527 982 2558 NOTAE

224 2603 286 2632 321
302 2600 563 2642 Telorumcustos]
572 2601 774 2633 Pharetram
786 2602 880 2634 dicit.
976 2605 1037 2633 325
1064 2601 1239 2642 Renuente]
1269 2602 1325 2634 Illi
1341 2601 1431 2633 enim
1453 2603 1540 2635 male
1557 2613 1636 2636 suus

223 2653 287 2682 324
319 2651 505 2692 Calydonius
528 2651 630 2692 heros]
671 2653 881 2693 Meleagrum
934 2664 1026 2685 amor
1045 2655 1159 2693 cessit,
1177 2658 1213 2685 ut
1227 2652 1315 2684 infra
1331 2653 1476 2694 patebit.

181 2701 346 2742 intellige,
390 2701 565 2743 Calydone
611 2701 800 2744 oriundum,
844 2708 882 2735 ut
977 2706 1039 2734 333
1064 2704 1160 2734 Suum
1169 2704 1333 2746 periclum]
1355 2702 1487 2745 Aprum
1498 2713 1634 2747 nempe,

183 2760 286 2792 supra
300 2751 439 2785 dictum.
937 2763 955 2785 a
970 2763 1036 2796 quo
1052 2754 1116 2786 sibi
1129 2754 1317 2795 periculum
1332 2754 1534 2787 immineret.
