<?xml version="1.0" encoding="UTF-8"?>
<!DOCTYPE html PUBLIC "-//W3C//DTD XHTML 1.0 Transitional//EN"
    "http://www.w3.org/TR/xhtml1/DTD/xhtml1-transitional.dtd">
<html xmlns="http://www.w3.org/1999/xhtml" xml:lang="en" lang="en">
 <head>
  <title>
</title>
<meta http-equiv="Content-Type" content="text/html;charset=utf-8" />
  <meta name='ocr-system' content='tesseract 3.04.00' />
  <meta name='ocr-capabilities' content='ocr_page ocr_carea ocr_par ocr_line ocrx_word'/>
</head>
<body>
  <div class='ocr_page' id='page_1' title='image "./operaomniaexedit03oviduoft_0510.png"; bbox 0 0 1831 3023; ppageno 0'>
   <div class='ocr_carea' id='block_1_1' title="bbox 222 284 1180 344">
    <p class='ocr_par' dir='ltr' id='par_1_1' title="bbox 222 284 1180 344">
     <span class='ocr_line' id='line_1_1' title="bbox 222 284 1180 344; baseline -0.002 0"><span class='ocrx_word' id='word_1_1' title='bbox 222 284 335 344; x_wconf 37' lang='lat'>‘1574</span> <span class='ocrx_word' id='word_1_2' title='bbox 588 296 592 297; x_wconf 44' lang='lat'><em>⁷</em></span> <span class='ocrx_word' id='word_1_3' title='bbox 708 315 747 343; x_wconf 81' lang='lat' dir='ltr'>P.</span> <span class='ocrx_word' id='word_1_4' title='bbox 780 310 936 341; x_wconf 83' lang='lat' dir='ltr'>ovmn</span> <span class='ocrx_word' id='word_1_5' title='bbox 971 311 1180 342; x_wconf 73' lang='lat' dir='ltr'>NAsoms</span> 
     </span>
    </p>
   </div>
   <div class='ocr_carea' id='block_1_2' title="bbox 220 405 1675 1520">
    <p class='ocr_par' dir='ltr' id='par_1_2' title="bbox 220 405 1668 590">
     <span class='ocr_line' id='line_1_2' title="bbox 224 405 1581 457; baseline -0.002 -10"><span class='ocrx_word' id='word_1_6' title='bbox 224 408 369 457; x_wconf 84' lang='lat' dir='ltr'>Quam</span> <span class='ocrx_word' id='word_1_7' title='bbox 390 405 495 446; x_wconf 88' lang='lat' dir='ltr'>mihi</span> <span class='ocrx_word' id='word_1_8' title='bbox 512 405 740 446; x_wconf 83' lang='lat' dir='ltr'>mandarat</span> <span class='ocrx_word' id='word_1_9' title='bbox 758 406 1002 446; x_wconf 85' lang='lat' dir='ltr'>communis</span> <span class='ocrx_word' id='word_1_10' title='bbox 1023 405 1217 455; x_wconf 73' lang='lat' dir='ltr'>Graecia,</span> <span class='ocrx_word' id='word_1_11' title='bbox 1239 416 1439 445; x_wconf 81' lang='lat' dir='ltr'>causam:</span> <span class='ocrx_word' id='word_1_12' title='bbox 1579 450 1581 452; x_wconf 49' lang='grc'><strong>,</strong></span> 
     </span>
     <span class='ocr_line' id='line_1_3' title="bbox 221 469 1668 525; baseline -0.002 -11"><span class='ocrx_word' id='word_1_13' title='bbox 221 472 488 525; x_wconf 88' lang='lat' dir='ltr'>Accusoque</span> <span class='ocrx_word' id='word_1_14' title='bbox 510 471 659 519; x_wconf 81' lang='lat' dir='ltr'>Parin,</span> <span class='ocrx_word' id='word_1_15' title='bbox 682 471 979 524; x_wconf 69' lang='lat' dir='ltr'>praedamque,</span> <span class='ocrx_word' id='word_1_16' title='bbox 995 471 1299 524; x_wconf 82' lang='lat' dir='ltr'>Helenamque</span> <span class='ocrx_word' id='word_1_17' title='bbox 1314 482 1497 523; x_wconf 85' lang='lat' dir='ltr'>reposco</span> <span class='ocrx_word' id='word_1_18' title='bbox 1515 483 1525 511; x_wconf 68' lang='grc' dir='ltr'><strong>ε</strong></span> <span class='ocrx_word' id='word_1_19' title='bbox 1584 469 1668 511; x_wconf 91' lang='grc'>200</span> 
     </span>
     <span class='ocr_line' id='line_1_4' title="bbox 220 536 1476 590; baseline -0.003 -11"><span class='ocrx_word' id='word_1_20' title='bbox 220 539 280 580; x_wconf 84' lang='lat' dir='ltr'>Et</span> <span class='ocrx_word' id='word_1_21' title='bbox 299 550 456 578; x_wconf 87' lang='lat' dir='ltr'>moveo</span> <span class='ocrx_word' id='word_1_22' title='bbox 478 537 716 584; x_wconf 85' lang='lat' dir='ltr'>Priamum,</span> <span class='ocrx_word' id='word_1_23' title='bbox 739 537 1007 590; x_wconf 84' lang='lat' dir='ltr'>Priamoque</span> <span class='ocrx_word' id='word_1_24' title='bbox 1026 536 1248 578; x_wconf 84' lang='lat' dir='ltr'>Antenora</span> <span class='ocrx_word' id='word_1_25' title='bbox 1263 536 1476 589; x_wconf 85' lang='lat' dir='ltr'>junctum.</span> 
     </span>
    </p>

    <p class='ocr_par' dir='ltr' id='par_1_3' title="bbox 220 601 1280 656">
     <span class='ocr_line' id='line_1_5' title="bbox 220 601 1280 656; baseline -0.001 -11"><span class='ocrx_word' id='word_1_26' title='bbox 220 604 282 645; x_wconf 89' lang='lat' dir='ltr'>At</span> <span class='ocrx_word' id='word_1_27' title='bbox 303 603 449 651; x_wconf 84' lang='lat' dir='ltr'>Paris,</span> <span class='ocrx_word' id='word_1_28' title='bbox 472 606 516 642; x_wconf 85' lang='lat' dir='ltr'>et</span> <span class='ocrx_word' id='word_1_29' title='bbox 534 601 707 652; x_wconf 83' lang='lat' dir='ltr'>fratres,</span> <span class='ocrx_word' id='word_1_30' title='bbox 729 606 772 642; x_wconf 87' lang='lat' dir='ltr'>et</span> <span class='ocrx_word' id='word_1_31' title='bbox 787 603 863 656; x_wconf 92' lang='lat' dir='ltr'>qui</span> <span class='ocrx_word' id='word_1_32' title='bbox 885 616 1066 656; x_wconf 83' lang='lat' dir='ltr'>rapuere</span> <span class='ocrx_word' id='word_1_33' title='bbox 1088 605 1168 644; x_wconf 89' lang='lat' dir='ltr'>sub</span> <span class='ocrx_word' id='word_1_34' title='bbox 1189 603 1280 651; x_wconf 80' lang='lat' dir='ltr'>illo,</span> 
     </span>
    </p>

    <p class='ocr_par' dir='ltr' id='par_1_4' title="bbox 221 667 1427 789">
     <span class='ocr_line' id='line_1_6' title="bbox 223 667 1427 724; baseline -0.002 -13"><span class='ocrx_word' id='word_1_35' title='bbox 223 671 316 711; x_wconf 82' lang='lat' dir='ltr'>Vix</span> <span class='ocrx_word' id='word_1_36' title='bbox 337 673 510 710; x_wconf 87' lang='lat' dir='ltr'>tenuere</span> <span class='ocrx_word' id='word_1_37' title='bbox 530 682 683 709; x_wconf 83' lang='lat' dir='ltr'>manus</span> <span class='ocrx_word' id='word_1_38' title='bbox 703 668 817 724; x_wconf 85' lang='lat' dir='ltr'>(scis</span> <span class='ocrx_word' id='word_1_39' title='bbox 837 669 938 719; x_wconf 90' lang='lat' dir='ltr'>hoc,</span> <span class='ocrx_word' id='word_1_40' title='bbox 960 669 1177 719; x_wconf 72' lang='lat' dir='ltr'>Menelae)</span> <span class='ocrx_word' id='word_1_41' title='bbox 1197 667 1427 709; x_wconf 78' lang='lat' dir='ltr'>nefandas:</span> 
     </span>
     <span class='ocr_line' id='line_1_7' title="bbox 221 735 1260 789; baseline -0.001 -13"><span class='ocrx_word' id='word_1_42' title='bbox 221 736 455 788; x_wconf 81' lang='lat' dir='ltr'>Primaque</span> <span class='ocrx_word' id='word_1_43' title='bbox 475 735 556 775; x_wconf 81' lang='lat' dir='ltr'>lux</span> <span class='ocrx_word' id='word_1_44' title='bbox 575 737 713 776; x_wconf 85' lang='lat' dir='ltr'>nostri</span> <span class='ocrx_word' id='word_1_45' title='bbox 733 739 877 777; x_wconf 88' lang='lat' dir='ltr'>tecum</span> <span class='ocrx_word' id='word_1_46' title='bbox 896 737 979 778; x_wconf 88' lang='lat' dir='ltr'>fuit</span> <span class='ocrx_word' id='word_1_47' title='bbox 998 737 1074 777; x_wconf 81' lang='lat' dir='ltr'>illa</span> <span class='ocrx_word' id='word_1_48' title='bbox 1092 736 1260 789; x_wconf 87' lang='lat' dir='ltr'>pericli.</span> 
     </span>
    </p>

    <p class='ocr_par' dir='ltr' id='par_1_5' title="bbox 220 801 1672 920">
     <span class='ocr_line' id='line_1_8' title="bbox 222 801 1672 855; baseline 0 -13"><span class='ocrx_word' id='word_1_49' title='bbox 222 803 372 854; x_wconf 81' lang='lat' dir='ltr'>Longa</span> <span class='ocrx_word' id='word_1_50' title='bbox 392 802 545 842; x_wconf 83' lang='lat' dir='ltr'>referre</span> <span class='ocrx_word' id='word_1_51' title='bbox 565 806 783 851; x_wconf 75' lang='lat' dir='ltr'>moraest,</span> <span class='ocrx_word' id='word_1_52' title='bbox 815 816 913 854; x_wconf 86' lang='lat' dir='ltr'>quae</span> <span class='ocrx_word' id='word_1_53' title='bbox 936 803 1207 855; x_wconf 82' lang='lat' dir='ltr'>consilioque</span> <span class='ocrx_word' id='word_1_54' title='bbox 1226 814 1445 855; x_wconf 79' lang='lat' dir='ltr'>manuque</span> <span class='ocrx_word' id='word_1_55' title='bbox 1586 801 1672 842; x_wconf 88' lang='grc'>205</span> 
     </span>
     <span class='ocr_line' id='line_1_9' title="bbox 220 867 1068 920; baseline -0.005 -11"><span class='ocrx_word' id='word_1_56' title='bbox 220 868 400 910; x_wconf 85' lang='lat' dir='ltr'>Utiliter</span> <span class='ocrx_word' id='word_1_57' title='bbox 419 869 505 909; x_wconf 84' lang='lat' dir='ltr'>feci</span> <span class='ocrx_word' id='word_1_58' title='bbox 527 867 714 920; x_wconf 80' lang='lat' dir='ltr'>spatiosi</span> <span class='ocrx_word' id='word_1_59' title='bbox 739 872 930 919; x_wconf 88' lang='lat' dir='ltr'>tempore</span> <span class='ocrx_word' id='word_1_60' title='bbox 949 867 1068 906; x_wconf 89' lang='lat' dir='ltr'>belli.</span> 
     </span>
    </p>

    <p class='ocr_par' dir='ltr' id='par_1_6' title="bbox 222 931 1295 986">
     <span class='ocr_line' id='line_1_10' title="bbox 222 931 1295 986; baseline -0.003 -11"><span class='ocrx_word' id='word_1_61' title='bbox 222 934 334 975; x_wconf 89' lang='lat' dir='ltr'>Post</span> <span class='ocrx_word' id='word_1_62' title='bbox 353 934 474 974; x_wconf 84' lang='lat' dir='ltr'>acies</span> <span class='ocrx_word' id='word_1_63' title='bbox 495 933 674 986; x_wconf 84' lang='lat' dir='ltr'>primas,</span> <span class='ocrx_word' id='word_1_64' title='bbox 692 933 814 972; x_wconf 89' lang='lat' dir='ltr'>urbis</span> <span class='ocrx_word' id='word_1_65' title='bbox 837 945 884 972; x_wconf 92' lang='lat' dir='ltr'>se</span> <span class='ocrx_word' id='word_1_66' title='bbox 906 931 1124 972; x_wconf 87' lang='lat' dir='ltr'>moenibus</span> <span class='ocrx_word' id='word_1_67' title='bbox 1146 931 1295 972; x_wconf 87' lang='lat' dir='ltr'>hostes</span> 
     </span>
    </p>

    <p class='ocr_par' dir='ltr' id='par_1_7' title="bbox 223 997 1216 1051">
     <span class='ocr_line' id='line_1_11' title="bbox 223 997 1216 1051; baseline -0.004 -10"><span class='ocrx_word' id='word_1_68' title='bbox 223 1000 487 1041; x_wconf 84' lang='lat' dir='ltr'>Continuere</span> <span class='ocrx_word' id='word_1_69' title='bbox 507 999 608 1050; x_wconf 91' lang='lat' dir='ltr'>diu;</span> <span class='ocrx_word' id='word_1_70' title='bbox 639 1011 717 1039; x_wconf 89' lang='lat' dir='ltr'>nec</span> <span class='ocrx_word' id='word_1_71' title='bbox 738 998 880 1051; x_wconf 83' lang='lat' dir='ltr'>aperti</span> <span class='ocrx_word' id='word_1_72' title='bbox 902 999 1034 1051; x_wconf 83' lang='lat' dir='ltr'>copia</span> <span class='ocrx_word' id='word_1_73' title='bbox 1056 997 1216 1038; x_wconf 83' lang='lat' dir='ltr'>Martis</span> 
     </span>
    </p>

    <p class='ocr_par' dir='ltr' id='par_1_8' title="bbox 222 1065 1302 1119">
     <span class='ocr_line' id='line_1_12' title="bbox 222 1065 1302 1119; baseline -0.001 -12"><span class='ocrx_word' id='word_1_74' title='bbox 222 1066 328 1107; x_wconf 84' lang='lat' dir='ltr'>Ulla</span> <span class='ocrx_word' id='word_1_75' title='bbox 342 1067 447 1107; x_wconf 82' lang='lat' dir='ltr'>fuit:</span> <span class='ocrx_word' id='word_1_76' title='bbox 479 1066 649 1107; x_wconf 88' lang='lat' dir='ltr'>decimo</span> <span class='ocrx_word' id='word_1_77' title='bbox 670 1066 841 1106; x_wconf 87' lang='lat' dir='ltr'>demum</span> <span class='ocrx_word' id='word_1_78' title='bbox 862 1065 1153 1119; x_wconf 79' lang='lat' dir='ltr'>pugnavimus</span> <span class='ocrx_word' id='word_1_79' title='bbox 1175 1077 1302 1106; x_wconf 82' lang='lat' dir='ltr'>anno.</span> 
     </span>
    </p>

    <p class='ocr_par' dir='ltr' id='par_1_9' title="bbox 224 1132 1672 1318">
     <span class='ocr_line' id='line_1_13' title="bbox 224 1132 1672 1186; baseline 0.001 -13"><span class='ocrx_word' id='word_1_80' title='bbox 224 1132 345 1183; x_wconf 86' lang='lat' dir='ltr'>Quid</span> <span class='ocrx_word' id='word_1_81' title='bbox 365 1133 478 1173; x_wconf 84' lang='lat' dir='ltr'>facis</span> <span class='ocrx_word' id='word_1_82' title='bbox 500 1133 674 1182; x_wconf 81' lang='lat' dir='ltr'>interea,</span> <span class='ocrx_word' id='word_1_83' title='bbox 696 1134 772 1186; x_wconf 91' lang='lat' dir='ltr'>qui</span> <span class='ocrx_word' id='word_1_84' title='bbox 788 1133 848 1172; x_wconf 91' lang='lat' dir='ltr'>nil</span> <span class='ocrx_word' id='word_1_85' title='bbox 869 1133 952 1172; x_wconf 90' lang='lat' dir='ltr'>nisi</span> <span class='ocrx_word' id='word_1_86' title='bbox 972 1132 1129 1185; x_wconf 73' lang='lat' dir='ltr'>praelia</span> <span class='ocrx_word' id='word_1_87' title='bbox 1148 1132 1296 1172; x_wconf 64' lang='lat' dir='ltr'>nosti?</span> <span class='ocrx_word' id='word_1_88' title='bbox 1342 1180 1347 1184; x_wconf 15' lang='lat' dir='ltr'>N</span> <span class='ocrx_word' id='word_1_89' title='bbox 1586 1133 1672 1174; x_wconf 87' lang='grc'>210</span> 
     </span>
     <span class='ocr_line' id='line_1_14' title="bbox 224 1198 1445 1252; baseline -0.001 -12"><span class='ocrx_word' id='word_1_90' title='bbox 224 1199 338 1249; x_wconf 87' lang='lat' dir='ltr'>Quis</span> <span class='ocrx_word' id='word_1_91' title='bbox 358 1204 457 1241; x_wconf 89' lang='lat' dir='ltr'>tuus</span> <span class='ocrx_word' id='word_1_92' title='bbox 478 1214 581 1241; x_wconf 91' lang='lat' dir='ltr'>usus</span> <span class='ocrx_word' id='word_1_93' title='bbox 603 1201 725 1241; x_wconf 70' lang='lat' dir='ltr'>erat?</span> <span class='ocrx_word' id='word_1_94' title='bbox 788 1200 907 1242; x_wconf 81' lang='lat' dir='ltr'>Nam</span> <span class='ocrx_word' id='word_1_95' title='bbox 930 1200 968 1239; x_wconf 91' lang='lat' dir='ltr'>si</span> <span class='ocrx_word' id='word_1_96' title='bbox 987 1212 1085 1240; x_wconf 83' lang='lat' dir='ltr'>mea</span> <span class='ocrx_word' id='word_1_97' title='bbox 1102 1198 1226 1240; x_wconf 82' lang='lat' dir='ltr'>facta</span> <span class='ocrx_word' id='word_1_98' title='bbox 1244 1198 1445 1252; x_wconf 84' lang='lat' dir='ltr'>requiris,</span> 
     </span>
     <span class='ocr_line' id='line_1_15' title="bbox 225 1266 1270 1318; baseline -0.001 -11"><span class='ocrx_word' id='word_1_99' title='bbox 225 1267 443 1308; x_wconf 89' lang='lat' dir='ltr'>Hostibus</span> <span class='ocrx_word' id='word_1_100' title='bbox 464 1268 673 1308; x_wconf 84' lang='lat' dir='ltr'>insidior:</span> <span class='ocrx_word' id='word_1_101' title='bbox 705 1267 847 1308; x_wconf 83' lang='lat' dir='ltr'>fossas</span> <span class='ocrx_word' id='word_1_102' title='bbox 868 1267 1102 1307; x_wconf 88' lang='lat' dir='ltr'>munimine</span> <span class='ocrx_word' id='word_1_103' title='bbox 1121 1266 1270 1318; x_wconf 83' lang='lat' dir='ltr'>cingo:</span> 
     </span>
    </p>

    <p class='ocr_par' dir='ltr' id='par_1_10' title="bbox 224 1333 1115 1389">
     <span class='ocr_line' id='line_1_16' title="bbox 224 1333 1115 1389; baseline -0.001 -15"><span class='ocrx_word' id='word_1_104' title='bbox 224 1333 442 1389; x_wconf 89' lang='lat' dir='ltr'>Consolor</span> <span class='ocrx_word' id='word_1_105' title='bbox 463 1335 629 1384; x_wconf 81' lang='lat' dir='ltr'>socios,</span> <span class='ocrx_word' id='word_1_106' title='bbox 649 1339 697 1376; x_wconf 87' lang='lat' dir='ltr'>ut</span> <span class='ocrx_word' id='word_1_107' title='bbox 717 1334 834 1386; x_wconf 83' lang='lat' dir='ltr'>longi</span> <span class='ocrx_word' id='word_1_108' title='bbox 855 1335 991 1375; x_wconf 81' lang='lat' dir='ltr'>taedia</span> <span class='ocrx_word' id='word_1_109' title='bbox 1010 1334 1115 1374; x_wconf 90' lang='lat' dir='ltr'>belli</span> 
     </span>
    </p>

    <p class='ocr_par' dir='ltr' id='par_1_11' title="bbox 223 1399 1356 1454">
     <span class='ocr_line' id='line_1_17' title="bbox 223 1399 1356 1454; baseline 0 -14"><span class='ocrx_word' id='word_1_110' title='bbox 223 1399 377 1440; x_wconf 84' lang='lat' dir='ltr'>Mente</span> <span class='ocrx_word' id='word_1_111' title='bbox 396 1401 536 1441; x_wconf 83' lang='lat' dir='ltr'>ferant</span> <span class='ocrx_word' id='word_1_112' title='bbox 551 1400 750 1453; x_wconf 81' lang='lat' dir='ltr'>placida:</span> <span class='ocrx_word' id='word_1_113' title='bbox 784 1401 925 1441; x_wconf 86' lang='lat' dir='ltr'>doceo</span> <span class='ocrx_word' id='word_1_114' title='bbox 945 1413 1033 1454; x_wconf 93' lang='lat' dir='ltr'>quo</span> <span class='ocrx_word' id='word_1_115' title='bbox 1055 1401 1191 1441; x_wconf 89' lang='lat' dir='ltr'>simus</span> <span class='ocrx_word' id='word_1_116' title='bbox 1213 1399 1356 1441; x_wconf 83' lang='lat' dir='ltr'>alendi</span> 
     </span>
    </p>

    <p class='ocr_par' dir='ltr' id='par_1_12' title="bbox 223 1465 1675 1520">
     <span class='ocr_line' id='line_1_18' title="bbox 223 1465 1675 1520; baseline 0.001 -14"><span class='ocrx_word' id='word_1_117' title='bbox 223 1465 489 1507; x_wconf 79' lang='lat' dir='ltr'>Armandive</span> <span class='ocrx_word' id='word_1_118' title='bbox 509 1466 665 1507; x_wconf 90' lang='lat' dir='ltr'>modo:</span> <span class='ocrx_word' id='word_1_119' title='bbox 696 1468 842 1507; x_wconf 89' lang='lat' dir='ltr'>mittor</span> <span class='ocrx_word' id='word_1_120' title='bbox 860 1480 946 1520; x_wconf 93' lang='lat' dir='ltr'>quo</span> <span class='ocrx_word' id='word_1_121' title='bbox 967 1467 1162 1520; x_wconf 83' lang='lat' dir='ltr'>postulat</span> <span class='ocrx_word' id='word_1_122' title='bbox 1181 1480 1304 1508; x_wconf 89' lang='lat' dir='ltr'>usus.</span> <span class='ocrx_word' id='word_1_123' title='bbox 1589 1466 1675 1509; x_wconf 89' lang='grc'>215</span> 
     </span>
    </p>
   </div>
   <div class='ocr_carea' id='block_1_3' title="bbox 217 1595 1678 2057">
    <p class='ocr_par' dir='ltr' id='par_1_13' title="bbox 217 1595 1678 2057">
     <span class='ocr_line' id='line_1_19' title="bbox 224 1595 1674 1638; baseline 0.003 -15"><span class='ocrx_word' id='word_1_124' title='bbox 224 1595 339 1632; x_wconf 76' lang='lat' dir='ltr'>referta</span> <span class='ocrx_word' id='word_1_125' title='bbox 358 1595 421 1626; x_wconf 78' lang='lat' dir='ltr'>illis</span> <span class='ocrx_word' id='word_1_126' title='bbox 437 1595 524 1625; x_wconf 77' lang='lat' dir='ltr'>viris.</span> <span class='ocrx_word' id='word_1_127' title='bbox 569 1596 748 1635; x_wconf 78' lang='lat' dir='ltr'>Impavidus</span> <span class='ocrx_word' id='word_1_128' title='bbox 770 1597 839 1628; x_wconf 71' lang='lat' dir='ltr'>dixi</span> <span class='ocrx_word' id='word_1_129' title='bbox 854 1608 990 1634; x_wconf 79' lang='lat' dir='ltr'>causam,</span> <span class='ocrx_word' id='word_1_130' title='bbox 1004 1607 1094 1638; x_wconf 77' lang='lat' dir='ltr'>quam</span> <span class='ocrx_word' id='word_1_131' title='bbox 1116 1601 1185 1628; x_wconf 80' lang='lat' dir='ltr'>tota</span> <span class='ocrx_word' id='word_1_132' title='bbox 1211 1597 1335 1628; x_wconf 78' lang='lat' dir='ltr'>Graecia</span> <span class='ocrx_word' id='word_1_133' title='bbox 1361 1597 1439 1628; x_wconf 82' lang='lat' dir='ltr'>mihi</span> <span class='ocrx_word' id='word_1_134' title='bbox 1460 1596 1674 1628; x_wconf 76' lang='lat' dir='ltr'>commiserat:</span> 
     </span>
     <span class='ocr_line' id='line_1_20' title="bbox 225 1637 1675 1680; baseline 0.003 -15"><span class='ocrx_word' id='word_1_135' title='bbox 225 1641 254 1666; x_wconf 80' lang='lat' dir='ltr'>et</span> <span class='ocrx_word' id='word_1_136' title='bbox 269 1647 373 1668; x_wconf 77' lang='lat' dir='ltr'>accztso</span> <span class='ocrx_word' id='word_1_137' title='bbox 391 1637 549 1675; x_wconf 80' lang='lat' dir='ltr'>Paridem,</span> <span class='ocrx_word' id='word_1_138' title='bbox 573 1641 603 1667; x_wconf 87' lang='lat' dir='ltr'>et</span> <span class='ocrx_word' id='word_1_139' title='bbox 625 1642 727 1676; x_wconf 80' lang='lat' dir='ltr'>repeto</span> <span class='ocrx_word' id='word_1_140' title='bbox 754 1639 908 1670; x_wconf 84' lang='lat' dir='ltr'>Helenam</span> <span class='ocrx_word' id='word_1_141' title='bbox 933 1644 1076 1680; x_wconf 81' lang='lat' dir='ltr'>raptam,·</span> <span class='ocrx_word' id='word_1_142' title='bbox 1100 1643 1128 1670; x_wconf 86' lang='lat' dir='ltr'>et</span> <span class='ocrx_word' id='word_1_143' title='bbox 1145 1641 1231 1679; x_wconf 80' lang='lat' dir='ltr'>capio</span> <span class='ocrx_word' id='word_1_144' title='bbox 1248 1640 1422 1677; x_wconf 75' lang='lat' dir='ltr'>Priamum,</span> <span class='ocrx_word' id='word_1_145' title='bbox 1440 1643 1469 1670; x_wconf 80' lang='lat' dir='ltr'>et</span> <span class='ocrx_word' id='word_1_146' title='bbox 1485 1641 1675 1670; x_wconf 79' lang='lat' dir='ltr'>Antenorem</span> 
     </span>
     <span class='ocr_line' id='line_1_21' title="bbox 223 1679 1676 1720; baseline 0.003 -13"><span class='ocrx_word' id='word_1_147' title='bbox 223 1689 284 1709; x_wconf 60' lang='lat' dir='ltr'>”una</span> <span class='ocrx_word' id='word_1_148' title='bbox 300 1689 368 1709; x_wconf 84' lang='lat' dir='ltr'>cum</span> <span class='ocrx_word' id='word_1_149' title='bbox 386 1679 526 1709; x_wconf 85' lang='lat' dir='ltr'>Priamo.</span> <span class='ocrx_word' id='word_1_150' title='bbox 573 1680 599 1709; x_wconf 84' lang='grc' dir='ltr'><em>Α</em></span> <span class='ocrx_word' id='word_1_151' title='bbox 605 1682 617 1708; x_wconf 84' lang='lat' dir='ltr'>t</span> <span class='ocrx_word' id='word_1_152' title='bbox 637 1680 734 1709; x_wconf 84' lang='lat' dir='ltr'>Paris</span> <span class='ocrx_word' id='word_1_153' title='bbox 749 1683 778 1709; x_wconf 78' lang='lat' dir='ltr'>et</span> <span class='ocrx_word' id='word_1_154' title='bbox 793 1680 929 1718; x_wconf 82' lang='lat' dir='ltr'>fratres,</span> <span class='ocrx_word' id='word_1_155' title='bbox 944 1685 974 1711; x_wconf 85' lang='lat' dir='ltr'>et</span> <span class='ocrx_word' id='word_1_156' title='bbox 989 1682 1042 1720; x_wconf 84' lang='lat' dir='ltr'>qui</span> <span class='ocrx_word' id='word_1_157' title='bbox 1053 1682 1190 1720; x_wconf 79' lang='lat' dir='ltr'>prceclatz&#39;</span> <span class='ocrx_word' id='word_1_158' title='bbox 1203 1684 1273 1711; x_wconf 81' lang='lat' dir='ltr'>sunt</span> <span class='ocrx_word' id='word_1_159' title='bbox 1293 1682 1348 1711; x_wconf 83' lang='lat' dir='ltr'>sub</span> <span class='ocrx_word' id='word_1_160' title='bbox 1368 1682 1433 1718; x_wconf 83' lang='lat' dir='ltr'>illo,</span> <span class='ocrx_word' id='word_1_161' title='bbox 1446 1691 1529 1719; x_wconf 71' lang='lat' dir='ltr'>&lt;egre</span> <span class='ocrx_word' id='word_1_162' title='bbox 1544 1690 1676 1720; x_wconf 77' lang='lat' dir='ltr'>compes-</span> 
     </span>
     <span class='ocr_line' id='line_1_22' title="bbox 223 1721 1678 1762; baseline 0.002 -13"><span class='ocrx_word' id='word_1_163' title='bbox 223 1724 351 1751; x_wconf 77' lang='lat' dir='ltr'>cuerunt</span> <span class='ocrx_word' id='word_1_164' title='bbox 366 1730 474 1750; x_wconf 79' lang='lat' dir='ltr'>manus</span> <span class='ocrx_word' id='word_1_165' title='bbox 486 1721 650 1756; x_wconf 73' lang='lat' dir='ltr'>scelestas5</span> <span class='ocrx_word' id='word_1_166' title='bbox 672 1721 754 1760; x_wconf 76' lang='lat' dir='ltr'>(tibi</span> <span class='ocrx_word' id='word_1_167' title='bbox 769 1722 853 1752; x_wconf 81' lang='lat' dir='ltr'>istud</span> <span class='ocrx_word' id='word_1_168' title='bbox 875 1726 1060 1762; x_wconf 83' lang='lat' dir='ltr'>compertum</span> <span class='ocrx_word' id='word_1_169' title='bbox 1084 1725 1140 1760; x_wconf 88' lang='lat' dir='ltr'>est,</span> <span class='ocrx_word' id='word_1_170' title='bbox 1158 1723 1298 1752; x_wconf 72' lang='lat' dir='ltr'>BIeneLae&#39;</span> <span class='ocrx_word' id='word_1_171' title='bbox 1309 1726 1342 1760; x_wconf 68' lang='grc' dir='ltr'>ς)</span> <span class='ocrx_word' id='word_1_172' title='bbox 1358 1726 1448 1762; x_wconf 83' lang='lat' dir='ltr'>atque</span> <span class='ocrx_word' id='word_1_173' title='bbox 1470 1723 1522 1752; x_wconf 82' lang='lat' dir='ltr'>ille</span> <span class='ocrx_word' id='word_1_174' title='bbox 1529 1722 1598 1760; x_wconf 83' lang='lat' dir='ltr'>fuit</span> <span class='ocrx_word' id='word_1_175' title='bbox 1611 1723 1678 1762; x_wconf 84' lang='lat' dir='ltr'>pri-</span> 
     </span>
     <span class='ocr_line' id='line_1_23' title="bbox 221 1762 1677 1803; baseline 0.002 -12"><span class='ocrx_word' id='word_1_176' title='bbox 221 1770 291 1792; x_wconf 70' lang='lat' dir='ltr'>’mns</span> <span class='ocrx_word' id='word_1_177' title='bbox 301 1763 366 1792; x_wconf 85' lang='lat' dir='ltr'>dies</span> <span class='ocrx_word' id='word_1_178' title='bbox 380 1763 478 1792; x_wconf 81' lang='lat' dir='ltr'>nostri</span> <span class='ocrx_word' id='word_1_179' title='bbox 492 1762 682 1793; x_wconf 74' lang='lat' dir='ltr'>discriminis</span> <span class='ocrx_word' id='word_1_180' title='bbox 696 1766 805 1793; x_wconf 79' lang='lat' dir='ltr'>tecum.</span> <span class='ocrx_word' id='word_1_181' title='bbox 850 1763 991 1802; x_wconf 80' lang='lat' dir='ltr'>Longum</span> <span class='ocrx_word' id='word_1_182' title='bbox 1007 1767 1051 1794; x_wconf 80' lang='lat' dir='ltr'>est</span> <span class='ocrx_word' id='word_1_183' title='bbox 1067 1767 1184 1802; x_wconf 65' lang='lat' dir='ltr'>tempus</span> <span class='ocrx_word' id='word_1_184' title='bbox 1197 1773 1363 1794; x_wconf 82' lang='lat' dir='ltr'>memorare</span> <span class='ocrx_word' id='word_1_185' title='bbox 1378 1774 1444 1803; x_wconf 82' lang='lat' dir='ltr'>quae</span> <span class='ocrx_word' id='word_1_186' title='bbox 1460 1764 1493 1794; x_wconf 83' lang='lat' dir='ltr'>in</span> <span class='ocrx_word' id='word_1_187' title='bbox 1507 1774 1572 1794; x_wconf 84' lang='lat' dir='ltr'>rem</span> <span class='ocrx_word' id='word_1_188' title='bbox 1583 1764 1677 1803; x_wconf 73' lang='lat' dir='ltr'>exegi</span> 
     </span>
     <span class='ocr_line' id='line_1_24' title="bbox 224 1804 1674 1845; baseline 0.003 -13"><span class='ocrx_word' id='word_1_189' title='bbox 224 1804 350 1834; x_wconf 74' lang='lat' dir='ltr'>consilio</span> <span class='ocrx_word' id='word_1_190' title='bbox 365 1807 395 1834; x_wconf 84' lang='lat' dir='ltr'>et</span> <span class='ocrx_word' id='word_1_191' title='bbox 402 1804 492 1840; x_wconf 81' lang='lat' dir='ltr'>sacto</span> <span class='ocrx_word' id='word_1_192' title='bbox 516 1814 571 1843; x_wconf 91' lang='lat' dir='ltr'>per</span> <span class='ocrx_word' id='word_1_193' title='bbox 596 1805 731 1844; x_wconf 75' lang='lat' dir='ltr'>spatium</span> <span class='ocrx_word' id='word_1_194' title='bbox 752 1806 837 1844; x_wconf 83' lang='lat' dir='ltr'>longi</span> <span class='ocrx_word' id='word_1_195' title='bbox 852 1805 931 1836; x_wconf 83' lang='lat' dir='ltr'>belli.</span> <span class='ocrx_word' id='word_1_196' title='bbox 978 1806 1055 1836; x_wconf 81' lang='lat' dir='ltr'>Post</span> <span class='ocrx_word' id='word_1_197' title='bbox 1078 1806 1212 1845; x_wconf 82' lang='lat' dir='ltr'>primam</span> <span class='ocrx_word' id='word_1_198' title='bbox 1225 1816 1361 1845; x_wconf 82' lang='lat' dir='ltr'>pugnam</span> <span class='ocrx_word' id='word_1_199' title='bbox 1376 1807 1477 1836; x_wconf 81' lang='lat' dir='ltr'>hostes</span> <span class='ocrx_word' id='word_1_200' title='bbox 1492 1816 1524 1836; x_wconf 91' lang='lat' dir='ltr'>se</span> <span class='ocrx_word' id='word_1_201' title='bbox 1537 1805 1674 1836; x_wconf 82' lang='lat' dir='ltr'>continu-</span> 
     </span>
     <span class='ocr_line' id='line_1_25' title="bbox 223 1846 1674 1887; baseline 0.001 -11"><span class='ocrx_word' id='word_1_202' title='bbox 223 1849 314 1877; x_wconf 77' lang='lat' dir='ltr'>erunt</span> <span class='ocrx_word' id='word_1_203' title='bbox 331 1846 385 1877; x_wconf 81' lang='lat' dir='ltr'>diu</span> <span class='ocrx_word' id='word_1_204' title='bbox 399 1846 484 1877; x_wconf 86' lang='lat' dir='ltr'>iutra</span> <span class='ocrx_word' id='word_1_205' title='bbox 500 1846 583 1876; x_wconf 74' lang='lat' dir='ltr'>urbis</span> <span class='ocrx_word' id='word_1_206' title='bbox 599 1856 700 1877; x_wconf 80' lang='lat' dir='ltr'>muros</span> <span class='ocrx_word' id='word_1_207' title='bbox 712 1859 722 1878; x_wconf 90' lang='lat'>.·</span> <span class='ocrx_word' id='word_1_208' title='bbox 745 1857 840 1887; x_wconf 80' lang='lat' dir='ltr'>neque</span> <span class='ocrx_word' id='word_1_209' title='bbox 856 1849 936 1878; x_wconf 80' lang='lat' dir='ltr'>locus</span> <span class='ocrx_word' id='word_1_210' title='bbox 951 1849 1031 1878; x_wconf 81' lang='lat' dir='ltr'>ullus</span> <span class='ocrx_word' id='word_1_211' title='bbox 1053 1849 1143 1878; x_wconf 78' lang='lat' dir='ltr'>datus</span> <span class='ocrx_word' id='word_1_212' title='bbox 1166 1851 1210 1878; x_wconf 84' lang='lat' dir='ltr'>est</span> <span class='ocrx_word' id='word_1_213' title='bbox 1225 1851 1330 1887; x_wconf 78' lang='lat' dir='ltr'>aperto</span> <span class='ocrx_word' id='word_1_214' title='bbox 1346 1848 1518 1879; x_wconf 76' lang='lat' dir='ltr'>certamini.</span> <span class='ocrx_word' id='word_1_215' title='bbox 1566 1849 1674 1878; x_wconf 81' lang='lat' dir='ltr'>Certa-</span> 
     </span>
     <span class='ocr_line' id='line_1_26' title="bbox 224 1887 1674 1930; baseline 0.002 -12"><span class='ocrx_word' id='word_1_216' title='bbox 224 1890 325 1919; x_wconf 73' lang='lat' dir='ltr'>vimus</span> <span class='ocrx_word' id='word_1_217' title='bbox 339 1889 467 1928; x_wconf 80' lang='lat' dir='ltr'>deniqne</span> <span class='ocrx_word' id='word_1_218' title='bbox 485 1898 565 1918; x_wconf 86' lang='lat' dir='ltr'>anno</span> <span class='ocrx_word' id='word_1_219' title='bbox 580 1889 707 1919; x_wconf 79' lang='lat' dir='ltr'>decimo.</span> <span class='ocrx_word' id='word_1_220' title='bbox 755 1889 839 1924; x_wconf 79' lang='lat' dir='ltr'>Quid</span> <span class='ocrx_word' id='word_1_221' title='bbox 855 1891 924 1929; x_wconf 74' lang='lat' dir='ltr'>agis</span> <span class='ocrx_word' id='word_1_222' title='bbox 938 1890 1069 1929; x_wconf 85' lang='lat' dir='ltr'>interea,</span> <span class='ocrx_word' id='word_1_223' title='bbox 1093 1890 1147 1929; x_wconf 83' lang='lat' dir='ltr'>qui</span> <span class='ocrx_word' id='word_1_224' title='bbox 1167 1890 1246 1920; x_wconf 80' lang='lat' dir='ltr'>nihil</span> <span class='ocrx_word' id='word_1_225' title='bbox 1261 1891 1322 1920; x_wconf 86' lang='lat' dir='ltr'>scis</span> <span class='ocrx_word' id='word_1_226' title='bbox 1340 1893 1455 1930; x_wconf 80' lang='lat' dir='ltr'>proeter</span> <span class='ocrx_word' id='word_1_227' title='bbox 1479 1887 1674 1921; x_wconf 78' lang='lat' dir='ltr'>certamina?</span> 
     </span>
     <span class='ocr_line' id='line_1_27' title="bbox 226 1929 1676 1971; baseline 0.001 -11"><span class='ocrx_word' id='word_1_228' title='bbox 226 1931 306 1964; x_wconf 81' lang='lat' dir='ltr'>Quoe</span> <span class='ocrx_word' id='word_1_229' title='bbox 322 1934 376 1961; x_wconf 79' lang='lat' dir='ltr'>tua</span> <span class='ocrx_word' id='word_1_230' title='bbox 392 1929 540 1961; x_wconf 78' lang='lat' dir='ltr'>utilitas?</span> <span class='ocrx_word' id='word_1_231' title='bbox 565 1931 649 1961; x_wconf 85' lang='lat' dir='ltr'>Nam</span> <span class='ocrx_word' id='word_1_232' title='bbox 663 1932 690 1961; x_wconf 86' lang='lat' dir='ltr'>si</span> <span class='ocrx_word' id='word_1_233' title='bbox 705 1932 878 1971; x_wconf 83' lang='lat' dir='ltr'>interrogas</span> <span class='ocrx_word' id='word_1_234' title='bbox 894 1934 930 1963; x_wconf 83' lang='lat' dir='ltr'>de</span> <span class='ocrx_word' id='word_1_235' title='bbox 946 1933 1020 1963; x_wconf 88' lang='lat' dir='ltr'>meis</span> <span class='ocrx_word' id='word_1_236' title='bbox 1024 1932 1135 1970; x_wconf 79' lang='lat' dir='ltr'>factis,</span> <span class='ocrx_word' id='word_1_237' title='bbox 1156 1932 1287 1962; x_wconf 78' lang='lat' dir='ltr'>insidias</span> <span class='ocrx_word' id='word_1_238' title='bbox 1302 1936 1388 1963; x_wconf 82' lang='lat' dir='ltr'>struo</span> <span class='ocrx_word' id='word_1_239' title='bbox 1412 1932 1559 1970; x_wconf 81' lang='lat' dir='ltr'>hostibus,</span> <span class='ocrx_word' id='word_1_240' title='bbox 1575 1931 1676 1962; x_wconf 81' lang='lat' dir='ltr'>munio</span> 
     </span>
     <span class='ocr_line' id='line_1_28' title="bbox 217 1972 1675 2014; baseline 0.001 -12"><span class='ocrx_word' id='word_1_241' title='bbox 217 1972 332 2011; x_wconf 83' lang='lat' dir='ltr'>fossas,</span> <span class='ocrx_word' id='word_1_242' title='bbox 342 1982 408 2002; x_wconf 82' lang='lat' dir='ltr'>sum</span> <span class='ocrx_word' id='word_1_243' title='bbox 417 1973 525 2003; x_wconf 80' lang='lat' dir='ltr'>solatio</span> <span class='ocrx_word' id='word_1_244' title='bbox 537 1974 678 2012; x_wconf 71' lang='lat' dir='ltr'>sociis‚ut</span> <span class='ocrx_word' id='word_1_245' title='bbox 689 1976 850 2013; x_wconf 78' lang='lat' dir='ltr'>patiantur</span> <span class='ocrx_word' id='word_1_246' title='bbox 864 1984 949 2014; x_wconf 81' lang='lat' dir='ltr'>oequo</span> <span class='ocrx_word' id='word_1_247' title='bbox 959 1975 1060 2005; x_wconf 83' lang='lat' dir='ltr'>animo</span> <span class='ocrx_word' id='word_1_248' title='bbox 1075 1974 1169 2004; x_wconf 77' lang='lat' dir='ltr'>taedia</span> <span class='ocrx_word' id='word_1_249' title='bbox 1178 1975 1262 2013; x_wconf 81' lang='lat' dir='ltr'>longi</span> <span class='ocrx_word' id='word_1_250' title='bbox 1278 1975 1367 2005; x_wconf 84' lang='lat' dir='ltr'>belli:</span> <span class='ocrx_word' id='word_1_251' title='bbox 1391 1976 1516 2004; x_wconf 82' lang='lat' dir='ltr'>ostendo</span> <span class='ocrx_word' id='word_1_252' title='bbox 1531 1974 1675 2014; x_wconf 80' lang='lat' dir='ltr'>quomodo</span> 
     </span>
     <span class='ocr_line' id='line_1_29' title="bbox 224 2015 1677 2057; baseline 0 -12"><span class='ocrx_word' id='word_1_253' title='bbox 224 2015 320 2045; x_wconf 74' lang='lat' dir='ltr'>simus</span> <span class='ocrx_word' id='word_1_254' title='bbox 335 2016 526 2046; x_wconf 81' lang='lat' dir='ltr'>sustentandi</span> <span class='ocrx_word' id='word_1_255' title='bbox 541 2019 633 2055; x_wconf 80' lang='lat' dir='ltr'>atque</span> <span class='ocrx_word' id='word_1_256' title='bbox 648 2017 744 2047; x_wconf 84' lang='lat' dir='ltr'>armis</span> <span class='ocrx_word' id='word_1_257' title='bbox 754 2016 948 2048; x_wconf 76' lang='lat' dir='ltr'>instruendi.-</span> <span class='ocrx_word' id='word_1_258' title='bbox 971 2018 1080 2048; x_wconf 80' lang='lat' dir='ltr'>mittor</span> <span class='ocrx_word' id='word_1_259' title='bbox 1091 2026 1148 2056; x_wconf 81' lang='lat' dir='ltr'>quo</span> <span class='ocrx_word' id='word_1_260' title='bbox 1163 2026 1235 2047; x_wconf 80' lang='lat' dir='ltr'>usus</span> <span class='ocrx_word' id='word_1_261' title='bbox 1245 2017 1387 2057; x_wconf 82' lang='lat' dir='ltr'>requirit.</span> <span class='ocrx_word' id='word_1_262' title='bbox 1406 2017 1487 2048; x_wconf 83' lang='lat' dir='ltr'>Ecce</span> <span class='ocrx_word' id='word_1_263' title='bbox 1499 2015 1677 2054; x_wconf 77' lang='lat' dir='ltr'>Rexfalsus</span> 
     </span>
    </p>
   </div>
   <div class='ocr_carea' id='block_1_4' title="bbox 835 2109 1069 2121">
    <p class='ocr_par' dir='ltr' id='par_1_14' title="bbox 835 2109 1069 2121">
     <span class='ocr_line' id='line_1_30' title="bbox 835 2109 1069 2121; baseline 0 0"><span class='ocrx_word' id='word_1_264' title='bbox 835 2109 1069 2121; x_wconf 62' lang='lat' dir='ltr'>eeeeeeeeeeee</span> 
     </span>
    </p>
   </div>
   <div class='ocr_carea' id='block_1_5' title="bbox 225 2172 1674 2299">
    <p class='ocr_par' dir='ltr' id='par_1_15' title="bbox 225 2172 1674 2299">
     <span class='ocr_line' id='line_1_31' title="bbox 225 2172 1674 2214; baseline 0 -12"><span class='ocrx_word' id='word_1_265' title='bbox 225 2175 287 2202; x_wconf 81' lang='lat'>201</span> <span class='ocrx_word' id='word_1_266' title='bbox 313 2173 411 2204; x_wconf 88' lang='lat' dir='ltr'>Cant.</span> <span class='ocrx_word' id='word_1_267' title='bbox 428 2173 470 2204; x_wconf 90' lang='grc' dir='ltr'>Ο.</span> <span class='ocrx_word' id='word_1_268' title='bbox 495 2178 530 2204; x_wconf 88' lang='lat' dir='ltr'>et</span> <span class='ocrx_word' id='word_1_269' title='bbox 545 2174 643 2206; x_wconf 83' lang='lat' dir='ltr'>multi</span> <span class='ocrx_word' id='word_1_270' title='bbox 660 2175 718 2205; x_wconf 86' lang='lat' dir='ltr'>alii</span> <span class='ocrx_word' id='word_1_271' title='bbox 735 2176 780 2206; x_wconf 80' lang='lat' dir='ltr'>Et</span> <span class='ocrx_word' id='word_1_272' title='bbox 806 2185 909 2206; x_wconf 84' lang='lat' dir='ltr'>moneo</span> <span class='ocrx_word' id='word_1_273' title='bbox 929 2176 1080 2206; x_wconf 83' lang='lat' dir='ltr'><strong>P.—203</strong></span> <span class='ocrx_word' id='word_1_274' title='bbox 1103 2175 1252 2206; x_wconf 87' lang='lat' dir='ltr'>Berolin.</span> <span class='ocrx_word' id='word_1_275' title='bbox 1282 2174 1344 2205; x_wconf 77' lang='lat' dir='ltr'>Vix</span> <span class='ocrx_word' id='word_1_276' title='bbox 1360 2183 1487 2214; x_wconf 83' lang='lat' dir='ltr'>rapuere</span> <span class='ocrx_word' id='word_1_277' title='bbox 1500 2183 1538 2205; x_wconf 87' lang='lat' dir='ltr'>m.</span> <span class='ocrx_word' id='word_1_278' title='bbox 1553 2173 1596 2203; x_wconf 80' lang='lat' dir='ltr'>sis</span> <span class='ocrx_word' id='word_1_279' title='bbox 1610 2172 1674 2203; x_wconf 82' lang='lat' dir='ltr'>hoc.</span> 
     </span>
     <span class='ocr_line' id='line_1_32' title="bbox 225 2214 1674 2256; baseline 0.002 -13"><span class='ocrx_word' id='word_1_280' title='bbox 225 2214 390 2244; x_wconf 86' lang='lat' dir='ltr'>Nonnulli</span> <span class='ocrx_word' id='word_1_281' title='bbox 419 2215 522 2245; x_wconf 88' lang='lat' dir='ltr'>etiam</span> <span class='ocrx_word' id='word_1_282' title='bbox 550 2217 635 2246; x_wconf 78' lang='lat' dir='ltr'><em>hoec:</em></span> <span class='ocrx_word' id='word_1_283' title='bbox 659 2218 757 2247; x_wconf 87' lang='lat' dir='ltr'>Cant.</span> <span class='ocrx_word' id='word_1_284' title='bbox 776 2222 855 2249; x_wconf 86' lang='lat' dir='ltr'>tert.</span> <span class='ocrx_word' id='word_1_285' title='bbox 874 2217 968 2248; x_wconf 80' lang='lat' dir='ltr'>Med.</span> <span class='ocrx_word' id='word_1_286' title='bbox 985 2221 1019 2247; x_wconf 88' lang='lat' dir='ltr'>et</span> <span class='ocrx_word' id='word_1_287' title='bbox 1036 2217 1100 2247; x_wconf 92' lang='lat' dir='ltr'>duo</span> <span class='ocrx_word' id='word_1_288' title='bbox 1129 2217 1183 2246; x_wconf 82' lang='lat' dir='ltr'>alii</span> <span class='ocrx_word' id='word_1_289' title='bbox 1200 2227 1228 2253; x_wconf 91' lang='lat' dir='ltr'>o,</span> <span class='ocrx_word' id='word_1_290' title='bbox 1248 2217 1336 2256; x_wconf 92' lang='lat' dir='ltr'>quod</span> <span class='ocrx_word' id='word_1_291' title='bbox 1354 2222 1390 2247; x_wconf 83' lang='lat' dir='ltr'>et</span> <span class='ocrx_word' id='word_1_292' title='bbox 1402 2217 1522 2246; x_wconf 89' lang='lat' dir='ltr'>Heins.</span> <span class='ocrx_word' id='word_1_293' title='bbox 1541 2214 1674 2255; x_wconf 88' lang='lat' dir='ltr'>probat.</span> 
     </span>
     <span class='ocr_line' id='line_1_33' title="bbox 227 2256 1674 2299; baseline 0.001 -14"><span class='ocrx_word' id='word_1_294' title='bbox 227 2258 334 2286; x_wconf 84' lang='lat'>—206</span> <span class='ocrx_word' id='word_1_295' title='bbox 357 2256 516 2287; x_wconf 88' lang='lat' dir='ltr'>Heidelb.</span> <span class='ocrx_word' id='word_1_296' title='bbox 534 2257 597 2295; x_wconf 86' lang='lat' dir='ltr'>sec.</span> <span class='ocrx_word' id='word_1_297' title='bbox 618 2259 750 2296; x_wconf 75' lang='lat' dir='ltr'>spatioso</span> <span class='ocrx_word' id='word_1_298' title='bbox 771 2261 973 2298; x_wconf 83' lang='lat' dir='ltr'>temp.—2ll</span> <span class='ocrx_word' id='word_1_299' title='bbox 997 2258 1018 2290; x_wconf 82' lang='lat' dir='ltr'>J</span> <span class='ocrx_word' id='word_1_300' title='bbox 1024 2267 1079 2289; x_wconf 89' lang='lat' dir='ltr'>un.</span> <span class='ocrx_word' id='word_1_301' title='bbox 1095 2262 1130 2289; x_wconf 90' lang='lat' dir='ltr'>et</span> <span class='ocrx_word' id='word_1_302' title='bbox 1146 2258 1239 2289; x_wconf 89' lang='lat' dir='ltr'>Leid.</span> <span class='ocrx_word' id='word_1_303' title='bbox 1247 2258 1328 2296; x_wconf 82' lang='lat' dir='ltr'>sact.</span> <span class='ocrx_word' id='word_1_304' title='bbox 1344 2259 1594 2299; x_wconf 76' lang='lat' dir='ltr'>requiris.-215</span> <span class='ocrx_word' id='word_1_305' title='bbox 1611 2257 1674 2288; x_wconf 84' lang='lat' dir='ltr'>Ar-</span> 
     </span>
    </p>
   </div>
   <div class='ocr_carea' id='block_1_6' title="bbox 224 2364 1676 2624">
    <p class='ocr_par' dir='ltr' id='par_1_16' title="bbox 224 2364 1676 2624">
     <span class='ocr_line' id='line_1_34' title="bbox 880 2364 1020 2396; baseline -0.007 0"><span class='ocrx_word' id='word_1_306' title='bbox 880 2364 1020 2396; x_wconf 84' lang='lat' dir='ltr'>NOTAE</span> 
     </span>
     <span class='ocr_line' id='line_1_35' title="bbox 267 2437 1632 2480; baseline 0.001 -13"><span class='ocrx_word' id='word_1_307' title='bbox 267 2439 330 2468; x_wconf 80' lang='lat'>200</span> <span class='ocrx_word' id='word_1_308' title='bbox 354 2437 516 2477; x_wconf 76' lang='lat' dir='ltr'>Proedam]</span> <span class='ocrx_word' id='word_1_309' title='bbox 558 2438 658 2469; x_wconf 88' lang='lat' dir='ltr'>Anne</span> <span class='ocrx_word' id='word_1_310' title='bbox 682 2439 831 2479; x_wconf 78' lang='lat' dir='ltr'>praedam</span> <span class='ocrx_word' id='word_1_311' title='bbox 856 2439 925 2471; x_wconf 89' lang='lat' dir='ltr'>He-</span> <span class='ocrx_word' id='word_1_312' title='bbox 980 2439 1079 2480; x_wconf 87' lang='lat' dir='ltr'>tium,</span> <span class='ocrx_word' id='word_1_313' title='bbox 1094 2440 1223 2480; x_wconf 81' lang='lat' dir='ltr'>legatos</span> <span class='ocrx_word' id='word_1_314' title='bbox 1241 2439 1505 2470; x_wconf 47' lang='lat' dir='ltr'>inviolatos‘esse</span> <span class='ocrx_word' id='word_1_315' title='bbox 1521 2438 1632 2469; x_wconf 83' lang='lat' dir='ltr'>decet.</span> 
     </span>
     <span class='ocr_line' id='line_1_36' title="bbox 226 2486 1676 2528; baseline -0.001 -11"><span class='ocrx_word' id='word_1_316' title='bbox 226 2486 337 2517; x_wconf 87' lang='lat' dir='ltr'>lenam</span> <span class='ocrx_word' id='word_1_317' title='bbox 375 2486 493 2526; x_wconf 75' lang='lat' dir='ltr'>ipsam,</span> <span class='ocrx_word' id='word_1_318' title='bbox 532 2497 630 2527; x_wconf 86' lang='lat' dir='ltr'>quam</span> <span class='ocrx_word' id='word_1_319' title='bbox 674 2489 790 2528; x_wconf 80' lang='lat' dir='ltr'>praedo</span> <span class='ocrx_word' id='word_1_320' title='bbox 830 2490 924 2520; x_wconf 86' lang='lat' dir='ltr'>Paris</span> <span class='ocrx_word' id='word_1_321' title='bbox 1021 2492 1084 2520; x_wconf 82' lang='lat'>212</span> <span class='ocrx_word' id='word_1_322' title='bbox 1129 2488 1253 2528; x_wconf 69' lang='lat' dir='ltr'>fossas]</span> <span class='ocrx_word' id='word_1_323' title='bbox 1301 2488 1356 2519; x_wconf 88' lang='lat' dir='ltr'>Ad</span> <span class='ocrx_word' id='word_1_324' title='bbox 1386 2488 1477 2518; x_wconf 83' lang='lat' dir='ltr'>illam</span> <span class='ocrx_word' id='word_1_325' title='bbox 1507 2487 1676 2527; x_wconf 83' lang='lat' dir='ltr'>respicere</span> 
     </span>
     <span class='ocr_line' id='line_1_37' title="bbox 225 2535 1674 2579; baseline -0.001 -12"><span class='ocrx_word' id='word_1_326' title='bbox 225 2537 362 2576; x_wconf 79' lang='lat' dir='ltr'>avexit3</span> <span class='ocrx_word' id='word_1_327' title='bbox 386 2547 472 2568; x_wconf 84' lang='lat' dir='ltr'>anne</span> <span class='ocrx_word' id='word_1_328' title='bbox 495 2538 657 2579; x_wconf 81' lang='lat' dir='ltr'>praedam,</span> <span class='ocrx_word' id='word_1_329' title='bbox 673 2549 745 2579; x_wconf 79' lang='lat' dir='ltr'>quae</span> <span class='ocrx_word' id='word_1_330' title='bbox 763 2549 836 2570; x_wconf 88' lang='lat' dir='ltr'>cum</span> <span class='ocrx_word' id='word_1_331' title='bbox 855 2540 924 2572; x_wconf 82' lang='lat' dir='ltr'>He-</span> <span class='ocrx_word' id='word_1_332' title='bbox 980 2538 1129 2577; x_wconf 84' lang='lat' dir='ltr'>videtur,</span> <span class='ocrx_word' id='word_1_333' title='bbox 1156 2548 1230 2579; x_wconf 86' lang='lat' dir='ltr'>quae</span> <span class='ocrx_word' id='word_1_334' title='bbox 1248 2548 1266 2568; x_wconf 88' lang='lat' dir='ltr'>a</span> <span class='ocrx_word' id='word_1_335' title='bbox 1283 2537 1415 2568; x_wconf 83' lang='lat' dir='ltr'>Graecis</span> <span class='ocrx_word' id='word_1_336' title='bbox 1437 2541 1516 2567; x_wconf 86' lang='lat' dir='ltr'>ante</span> <span class='ocrx_word' id='word_1_337' title='bbox 1539 2535 1674 2566; x_wconf 86' lang='lat' dir='ltr'>navium</span> 
     </span>
     <span class='ocr_line' id='line_1_38' title="bbox 224 2584 1674 2624; baseline -0.003 -6"><span class='ocrx_word' id='word_1_338' title='bbox 224 2587 303 2618; x_wconf 89' lang='lat' dir='ltr'>lena</span> <span class='ocrx_word' id='word_1_339' title='bbox 316 2586 488 2617; x_wconf 88' lang='lat' dir='ltr'>abducta?</span> <span class='ocrx_word' id='word_1_340' title='bbox 979 2590 1158 2620; x_wconf 83' lang='lat' dir='ltr'>stationem</span> <span class='ocrx_word' id='word_1_341' title='bbox 1179 2589 1280 2619; x_wconf 87' lang='lat' dir='ltr'>ducta</span> <span class='ocrx_word' id='word_1_342' title='bbox 1295 2592 1330 2618; x_wconf 88' lang='lat' dir='ltr'>et</span> <span class='ocrx_word' id='word_1_343' title='bbox 1352 2596 1445 2617; x_wconf 90' lang='lat' dir='ltr'>muro</span> <span class='ocrx_word' id='word_1_344' title='bbox 1468 2587 1581 2617; x_wconf 80' lang='lat' dir='ltr'>cincta</span> <span class='ocrx_word' id='word_1_345' title='bbox 1596 2584 1674 2624; x_wconf 84' lang='lat' dir='ltr'>fnit,</span> 
     </span>
    </p>
   </div>
   <div class='ocr_carea' id='block_1_7' title="bbox 225 2634 1677 2878">
    <p class='ocr_par' dir='ltr' id='par_1_17' title="bbox 225 2634 1677 2878">
     <span class='ocr_line' id='line_1_39' title="bbox 268 2634 1677 2679; baseline -0.002 -12"><span class='ocrx_word' id='word_1_346' title='bbox 268 2639 331 2667; x_wconf 83' lang='lat'>201</span> <span class='ocrx_word' id='word_1_347' title='bbox 355 2637 528 2678; x_wconf 82' lang='lat' dir='ltr'>Antenora]</span> <span class='ocrx_word' id='word_1_348' title='bbox 553 2638 619 2671; x_wconf 82' lang='lat' dir='ltr'>Qui</span> <span class='ocrx_word' id='word_1_349' title='bbox 633 2638 863 2679; x_wconf 84' lang='lat' dir='ltr'>quidem,cum</span> <span class='ocrx_word' id='word_1_350' title='bbox 881 2650 924 2671; x_wconf 84' lang='lat' dir='ltr'>ex</span> <span class='ocrx_word' id='word_1_351' title='bbox 978 2643 1205 2679; x_wconf 79' lang='lat' dir='ltr'>quanipostea</span> <span class='ocrx_word' id='word_1_352' title='bbox 1215 2634 1559 2676; x_wconf 81' lang='lat' dir='ltr'>Neptuunsimmissis</span> <span class='ocrx_word' id='word_1_353' title='bbox 1569 2634 1677 2675; x_wconf 83' lang='lat' dir='ltr'>Phry-</span> 
     </span>
     <span class='ocr_line' id='line_1_40' title="bbox 225 2686 1407 2729; baseline -0.002 -11"><span class='ocrx_word' id='word_1_354' title='bbox 225 2686 452 2727; x_wconf 84' lang='lat' dir='ltr'>Trojanorum</span> <span class='ocrx_word' id='word_1_355' title='bbox 478 2689 686 2728; x_wconf 79' lang='lat' dir='ltr'>principibus</span> <span class='ocrx_word' id='word_1_356' title='bbox 709 2695 812 2728; x_wconf 86' lang='lat' dir='ltr'>esset,</span> <span class='ocrx_word' id='word_1_357' title='bbox 838 2690 925 2721; x_wconf 83' lang='lat' dir='ltr'>refe·</span> <span class='ocrx_word' id='word_1_358' title='bbox 979 2689 1043 2729; x_wconf 76' lang='lat' dir='ltr'>giae</span> <span class='ocrx_word' id='word_1_359' title='bbox 1059 2687 1252 2718; x_wconf 85' lang='lat' dir='ltr'>fluminibus</span> <span class='ocrx_word' id='word_1_360' title='bbox 1267 2687 1407 2717; x_wconf 84' lang='lat' dir='ltr'>delevit.</span> 
     </span>
     <span class='ocr_line' id='line_1_41' title="bbox 227 2735 1675 2778; baseline -0.001 -11"><span class='ocrx_word' id='word_1_361' title='bbox 227 2741 324 2767; x_wconf 86' lang='lat' dir='ltr'>rente</span> <span class='ocrx_word' id='word_1_362' title='bbox 342 2747 476 2778; x_wconf 85' lang='lat' dir='ltr'>quoque</span> <span class='ocrx_word' id='word_1_363' title='bbox 498 2738 652 2778; x_wconf 77' lang='lat' dir='ltr'>Horatio,</span> <span class='ocrx_word' id='word_1_364' title='bbox 675 2738 685 2755; x_wconf 86' lang='lat'>‘</span> <span class='ocrx_word' id='word_1_365' title='bbox 701 2744 820 2770; x_wconf 84' lang='lat' dir='ltr'>censet</span> <span class='ocrx_word' id='word_1_366' title='bbox 843 2739 922 2770; x_wconf 84' lang='lat' dir='ltr'>belli</span> <span class='ocrx_word' id='word_1_367' title='bbox 1020 2742 1081 2769; x_wconf 81' lang='grc'>215</span> <span class='ocrx_word' id='word_1_368' title='bbox 1095 2737 1226 2777; x_wconf 82' lang='lat' dir='ltr'>Mittor]</span> <span class='ocrx_word' id='word_1_369' title='bbox 1235 2737 1340 2768; x_wconf 84' lang='lat' dir='ltr'>Verbi</span> <span class='ocrx_word' id='word_1_370' title='bbox 1353 2735 1461 2776; x_wconf 85' lang='lat' dir='ltr'>gratia</span> <span class='ocrx_word' id='word_1_371' title='bbox 1472 2735 1512 2766; x_wconf 88' lang='lat' dir='ltr'>ad</span> <span class='ocrx_word' id='word_1_372' title='bbox 1521 2735 1675 2775; x_wconf 81' lang='lat' dir='ltr'>Chrysen</span> 
     </span>
     <span class='ocr_line' id='line_1_42' title="bbox 228 2783 1674 2828; baseline -0.001 -11"><span class='ocrx_word' id='word_1_373' title='bbox 228 2787 413 2827; x_wconf 73' lang='lat' dir='ltr'>praecidere</span> <span class='ocrx_word' id='word_1_374' title='bbox 431 2787 589 2818; x_wconf 69' lang='lat' dir='ltr'>causam!</span> <span class='ocrx_word' id='word_1_375' title='bbox 978 2787 1147 2828; x_wconf 83' lang='lat' dir='ltr'>Apollinis</span> <span class='ocrx_word' id='word_1_376' title='bbox 1162 2786 1452 2827; x_wconf 83' lang='lat' dir='ltr'>Sacerdotem‚cui</span> <span class='ocrx_word' id='word_1_377' title='bbox 1465 2785 1568 2816; x_wconf 87' lang='lat' dir='ltr'>filiam</span> <span class='ocrx_word' id='word_1_378' title='bbox 1577 2783 1674 2816; x_wconf 86' lang='lat' dir='ltr'>resti-</span> 
     </span>
     <span class='ocr_line' id='line_1_43' title="bbox 271 2836 1055 2878; baseline 0.003 -11"><span class='ocrx_word' id='word_1_379' title='bbox 271 2838 332 2867; x_wconf 74' lang='lat'>203</span> <span class='ocrx_word' id='word_1_380' title='bbox 354 2836 527 2876; x_wconf 73' lang='lat' dir='ltr'>Nefandas]</span> <span class='ocrx_word' id='word_1_381' title='bbox 556 2837 742 2878; x_wconf 79' lang='lat' dir='ltr'>Siquidem,</span> <span class='ocrx_word' id='word_1_382' title='bbox 755 2837 832 2878; x_wconf 82' lang='lat' dir='ltr'>jure</span> <span class='ocrx_word' id='word_1_383' title='bbox 847 2847 925 2876; x_wconf 68' lang='lat' dir='ltr'>gen·</span> <span class='ocrx_word' id='word_1_384' title='bbox 976 2837 1055 2869; x_wconf 78' lang='lat' dir='ltr'>tuit.</span> 
     </span>
    </p>
   </div>
  </div>
 </body>
</html>
