1831 3023
532 210 1004 245 Mss'muom’nosuou
1038 212 1132 244 mn.
1167 208 1237 245 fx.
1505 207 1616 249 1393

158 309 338 364 Quippe
357 321 439 351 nec
459 307 533 349 ille
552 307 697 360 potest
723 303 795 359 (ut
807 305 903 360 jam
922 319 1021 347 mea
1044 310 1146 348 vota
1166 304 1430 362 relinquam)

156 376 263 418 Non
282 381 425 418 tamen
445 385 655 416 ausorum
675 384 844 426 semper
863 385 1030 414 memor
1049 386 1150 415 esse
1169 385 1380 416 meorum.
1525 372 1611 416 620

156 443 225 494 Et,
248 445 353 499 quia
372 441 588 490 desierim,
609 439 761 480 leviter
779 440 973 482 voluisse
992 441 1175 482 videbor
1193 455 1203 483 ε

154 511 244 553 Aut
262 513 391 553 etiam
412 511 602 550 tentasse
622 507 757 557 illum,
779 508 1040 562 insidiisque
1059 509 1242 562 petisse.

153 578 239 620 Vel
260 582 378 620 certe
397 589 482 617 non
503 575 602 624 hoc,
624 575 701 628 qui
721 575 935 627 plurimus
956 577 1050 626 urit,
1075 580 1118 617 et
1138 577 1248 618 ussit

153 645 343 693 Pectora
360 647 525 693 nostra,
549 643 664 692 Deo,
685 641 764 682 sed
786 642 904 683 victa
922 643 1104 684 libidine
1125 643 1290 684 credar.

153 712 352 766 Denique
366 711 462 766 jam
481 721 650 763 nequeo
671 708 730 749 nil
752 709 1027 750 commisisse
1048 709 1296 751 nefandum.
1522 710 1608 752 625

152 779 208 820 Et
228 779 398 832 scripsi,
425 781 468 820 et
489 777 596 831 petii
615 790 624 817 :
657 778 867 817 temerata
887 780 955 816 est
973 780 1123 818 nostra
1143 778 1374 829 voluntas;

152 844 213 887 Ut
230 844 338 886 nihil
357 845 582 899 adjiciam,
604 857 688 885 non
708 856 891 898 possum
913 844 1094 885 innoxia
1113 844 1215 886 dici.

147 909 279 961 Quod
300 917 498 966 superest
513 913 532 951 'l
566 912 748 953 multum
768 916 834 953 est
854 913 895 953 in
915 917 1031 961 vota,
1053 913 1099 953 in
1120 913 1302 954 crimina
1322 926 1520 968 parvum.

150 977 302 1020 Dixit:
335 985 380 1020 et
408 979 604 1035 (incertae
627 983 745 1020 tanta
764 983 831 1020 est
851 979 1072 1020 discordia
1092 979 1270 1033 mentis)

146 1044 255 1087 Cum
274 1048 423 1101 pigeat
443 1051 651 1096 tentasse,
670 1046 775 1087 libet
793 1050 957 1087 tentare
976 1060 985 1088 ε
1016 1046 1280 1100 modumque
1518 1049 1603 1092 630

147 1112 251 1154 Exit
268 1127 278 1164 ;
311 1119 353 1154 et
369 1114 522 1155 infelix
543 1113 775 1155 committit
794 1126 913 1166 saepe
932 1113 1102 1167 repelli.

147 1179 261 1222 Mox
281 1182 357 1222 ubi
378 1183 474 1223 finis
496 1182 617 1222 abest
634 1194 645 1231 3
676 1181 866 1235 patriam
886 1180 996 1233 fugit
1015 1181 1100 1231 ille,
1120 1181 1331 1236 nefasque
1349 1198 1359 1225 :

146 1247 282 1303 Inque
300 1250 523 1303 peregrina
541 1249 666 1304 ponit
685 1261 802 1290 nova
821 1249 986 1290 moenia
1007 1254 1130 1290 terra.

143 1375 266 1405 tametsi
282 1386 360 1406 nunc
375 1386 441 1406 mea
456 1376 611 1406 desideria
626 1376 778 1411 omittam,
804 1385 896 1416 neque
921 1376 972 1406 ille
984 1378 1085 1415 potest
1101 1378 1203 1405 tamen
1219 1384 1278 1405 non
1295 1376 1452 1407 recordari
1466 1375 1602 1418 incepto-

142 1427 209 1446 rum
226 1427 357 1447 meorum
371 1428 383 1453 ;
405 1421 436 1448 et
451 1418 523 1457 quia
537 1418 703 1453 omiserim,
718 1418 842 1448 videbor
855 1427 966 1457 parum
981 1421 1111 1457 optasse,
1128 1418 1175 1447 rel
1188 1417 1283 1448 etiam
1298 1417 1385 1448 illum
1399 1422 1546 1459 tentasse,
1570 1423 1602 1451 et

132 1457 304 1495 fraudibus
319 1460 459 1489 adm-tam
475 1468 559 1491 esse.-
583 1461 628 1490 νεὶ
641 1463 724 1490 certe
750 1470 807 1490 non
824 1461 933 1490 credar
956 1463 1102 1499 superata
1117 1458 1172 1489 hoc
1188 1459 1269 1498 Deo,
1295 1461 1346 1499 qui
1363 1461 1602 1493 violentissimus

140 1501 255 1531 torruit
270 1505 301 1531 et
321 1505 432 1540 torret,
450 1511 554 1532 verum
569 1501 709 1532 libidine.
758 1503 903 1542 Dmiqne
918 1512 995 1532 nunc
1011 1512 1070 1532 non
1093 1511 1215 1542 possum
1230 1502 1309 1533 nihil
1330 1507 1471 1543 patrasse
1494 1504 1602 1543 nefan-

138 1544 221 1574 dum.
269 1543 311 1573 Et
326 1543 448 1583 scripsi,
472 1547 500 1574 et
514 1544 656 1584 poposci.-
679 1547 781 1574 cotum
807 1548 947 1575 nostrum
973 1548 1020 1575 est
1035 1545 1175 1575 emissum
1188 1555 1200 1581 ;
1228 1547 1366 1584 quamtis
1378 1547 1458 1578 nihil
1471 1549 1597 1587 addam,

140 1595 199 1616 non
212 1595 335 1626 possum
359 1586 422 1616 dici
437 1586 590 1618 innocens.
636 1587 726 1622 Quod
743 1591 850 1626 restat,
866 1588 995 1618 »mallum
1011 1590 1057 1617 est
1073 1588 1106 1618 in
1131 1587 1296 1626 desideria,
1322 1588 1468 1628 exiguum
1492 1590 1524 1620 in
1539 1591 1600 1620 cri-

142 1628 233 1658 mina.
277 1629 433 1659 Absolvit.-
457 1633 499 1667 et,
515 1633 604 1660 tantu
619 1633 664 1660 est
671 1629 843 1669 fluctuatio
861 1631 970 1660 mentis
984 1629 1096 1667 dubiae,
1111 1639 1179 1660 cum
1193 1630 1342 1670 poeniteat
1364 1634 1510 1671 tentasse,
1523 1631 1597 1664 libet

138 1673 279 1705 tentare:
302 1674 334 1701 et
348 1673 469 1701 modum
485 1672 725 1710 transgreditur,
748 1675 777 1702 et
795 1673 904 1703 misera
929 1672 1096 1702 committit
1110 1681 1189 1711 soepe
1214 1673 1313 1711 rejici.
1358 1673 1444 1705 Dein
1459 1674 1511 1705 ubi
1517 1675 1599 1716 finis

140 1713 239 1743 nullus
253 1715 313 1749 est,
338 1713 388 1743 ille
405 1712 496 1752 sugit
517 1715 653 1754 putrium
669 1717 699 1745 et
715 1713 813 1752 nefus,
837 1718 866 1745 et
891 1715 1004 1745 statuit
1028 1724 1138 1744 not-am
1164 1714 1267 1745 urbem
1290 1715 1323 1745 in
1338 1718 1424 1746 terra
1438 1720 1598 1748 extranea.

755 1799 987 1810 noctem„

140 1856 275 1898 plurimi
293 1856 348 1887 alii
364 1860 493 1897 coeptum
506 1860 750 1897 mmmm—619
774 1858 924 1888 Berolin.
937 1861 998 1889 rot.
1011 1859 1284 1898 reli'nquat.——620
1295 1858 1445 1890 Berolin.
1462 1858 1505 1890 At
1520 1862 1598 1891 tam.

138 1901 240 1930 —621
259 1900 407 1930 nemun.
424 1900 485 1930 Aut
503 1901 594 1940 quia:
619 1906 654 1931 et
673 1900 767 1931 Lem.
785 1906 818 1931 et
838 1900 993 1931 Menard.
1008 1902 1136 1932 desiero.
1165 1902 1252 1932 Dein
1267 1911 1350 1932 unus
1368 1900 1462 1932 Med.
1479 1902 1535 1933 lev.
1551 1913 1598 1934 ce-

135 1942 218 1981 piae
232 1942 399 1972 cist—622
413 1942 562 1972 Bet-olin.
575 1942 669 1973 etium
685 1943 867 1973 intentam.
892 1943 984 1973 Olim
994 1943 1048 1974 ed.
1062 1947 1151 1983 urget
1167 1949 1201 1975 et
1218 1944 1291 1974 urit.
1316 1945 1381 1974 Sed
1398 1945 1460 1975 urit
1476 1948 1505 1975 et
1519 1946 1595 1976 ussit

133 1984 205 2024 jani
231 1982 374 2015 Ciol‘ano
393 1985 552 2023 placebat
566 1993 584 2014 e
600 1994 660 2015 suo
679 1985 760 2016 Cod.
778 1990 811 2015 et
830 1985 965 2017 Caelest.
1011 1985 1106 2016 Idem
1124 1991 1244 2026 postea
1259 1986 1292 2016 in
1310 1987 1462 2026 pluribus
1480 1996 1595 2027 reper-

139 2031 208 2056 tum
226 2030 309 2056 vett.
328 2025 367 2056 In
395 2027 436 2056 V.
454 2030 544 2065 urget
566 2030 595 2056 et
618 2027 704 2057 ussit.
731 2027 849 2058 Heius,
866 2027 952 2067 conj.
969 2029 1034 2058 urit
1057 2032 1087 2058 et
1109 2032 1190 2059 urat.
1215 2029 1328 2059 Burm.
1344 2029 1500 2068 placebat
1517 2038 1594 2060 cum

137 2068 244 2099 tribus
260 2067 338 2099 ussit
363 2071 393 2098 et
421 2070 605 2099 urin—624
631 2069 738 2099 Gron.
764 2075 798 2099 et
815 2069 908 2099 Leid.
926 2070 1013 2100 libid.
1030 2071 1259 2101 condam-625
1287 2071 1430 2101 Bothius
1460 2071 1533 2102 vult
1549 2071 1595 2102 nil

135 2111 313 2141 admisisse:
342 2115 386 2141 et
418 2110 538 2141 Heins.
565 2111 813 2149 nefandi.—-626
836 2112 943 2142 Gron.
959 2115 988 2142 et
1011 2112 1114 2148 conii,-
1137 2112 1285 2143 Berolin.
1307 2114 1410 2152 petiit.
1437 2114 1594 2145 Quatuor

134 2156 343 2193 temerataque
358 2155 453 2183 nostr.
471 2163 481 2189 ‚·
507 2153 654 2183 nonnulli
668 2154 835 2184 temeraria
851 2158 929 2184 nost.
947 2155 1080 2185 Deinde
1098 2155 1233 2195 plurimi
1250 2155 1511 2195 volupiam—628
1530 2156 1594 2187 Be-

137 2195 232 2226 rolin.
264 2196 352 2227 mult.
382 2199 441 2231 est,
472 2199 575 2226 tomen
603 2199 646 2226 est
676 2196 710 2227 in
739 2196 868 2227 crimine
884 2200 1080 2237 para—629
1111 2198 1267 2229 Quatuor
1295 2198 1369 2228 libri
1396 2201 1426 2229 et
1457 2199 1592 2229 incesta.

135 2237 231 2271 Unus
258 2237 353 2270 Med.
380 2241 425 2269 est
439 2238 574 2280 fiducia.
610 2238 730 2270 Heius.
761 2239 887 2270 rectius
920 2239 1102 2280 legendum
1131 2245 1231 2281 putat
1261 2241 1476 2273 niune-630
1500 2241 1594 2274 Libri

796 2347 934 2379 NOTAE

176 2420 238 2451 624
264 2417 345 2459 Deo]
366 2416 423 2449 Sic
449 2417 595 2448 solemus
622 2425 736 2448 omues
752 2417 834 2449 vitia
890 2419 1025 2458 Lector,
1056 2419 1200 2461 primum
1229 2423 1265 2451 et
1293 2420 1492 2458 secundum,
1524 2424 1590 2450 ter-

133 2474 247 2500 nostra
273 2469 423 2501 honestis
446 2468 637 2499 nominibus
659 2477 833 2500 excusare.
889 2470 972 2500 tium
988 2470 1104 2510 etiam,
1118 2471 1145 2502 si
1163 2471 1225 2510 vis,
1248 2470 1385 2502 omuino
1403 2480 1506 2512 prava
1522 2479 1586 2501 nou

135 2519 240 2552 Quasi
258 2529 337 2551 vero
355 2519 446 2550 Dens
474 2519 529 2549 ille
558 2528 624 2549 nou
649 2519 692 2550 sit
711 2518 832 2550 Libido
887 2520 1056 2560 inciperc;
1073 2526 1352 2563 quae,postqnam
1367 2522 1453 2553 viam
1472 2520 1591 2562 praeci-

134 2569 220 2610 ipsu,
255 2579 355 2600 unnim
395 2570 550 2610 idemque
590 2569 831 2610 propemodum
887 2571 992 2610 pitem
1031 2581 1142 2602 sumus
1181 2571 1336 2612 ingressi,
1373 2572 1427 2601 vel
1464 2570 1589 2601 invitos

135 2619 239 2651 totius
277 2620 410 2658 generis
455 2620 591 2651 humani
628 2619 832 2660 incendium,
887 2620 1048 2663 deinceps
1063 2622 1212 2653 trahunt.

131 2669 236 2711 quod,
268 2676 394 2710 praeter
426 2671 602 2712 lacrymas,
627 2670 718 2701 nulla
745 2681 831 2713 aqua
927 2674 990 2703 633
1016 2673 1148 2714 Moenia]
1171 2673 1336 2709 Caunum,
1362 2669 1505 2705 scilicet.
1524 2669 1585 2700 Ca-

133 2720 240 2761 ponit
257 2720 466 2759 extinguere.
886 2722 944 2753 τίω
961 2722 1088 2754 urbem.

174 2772 236 2801 625
264 2770 404 2810 Denique
418 2769 504 2810 jam]
542 2771 643 2811 Ergo,
671 2775 708 2803 ut
724 2771 832 2810 vides,

218 2823 331 2866 Delph.
347 2827 375 2855 et
397 2824 467 2856 l'ur.
485 2824 569 2857 ctus.
817 2826 911 2857 Ouid.
1431 2826 1449 2855 ⁴
1473 2824 1500 2855 'l'
