1831 3023
231 264 345 309 1556
714 277 756 305 P.
788 273 948 303 ovmn
982 272 1195 303 nasonis

234 371 439 412 Pervenit
459 370 645 411 Iliacum
663 383 673 419 ;
704 369 940 421 mediaque
960 368 1002 408 in
1024 368 1148 409 caede
1172 368 1359 407 virorum

234 439 356 480 Rara
376 451 452 490 per
472 438 646 489 ignotos
668 437 946 488 spargentem
966 435 1096 475 cernit
1115 433 1313 474 Achivos
1500 472 1502 474 ,
1600 431 1684 473 600

232 506 344 547 Tela
362 505 492 545 Parin
509 518 517 544 :
548 503 777 554 fassusque
798 502 956 551 Deum,
979 501 1099 551 Quid
1119 500 1291 554 spicula
1311 497 1458 552 perdis

234 573 450 624 Sanguine
471 569 644 623 plebis'?
678 569 753 610 ait.
815 569 864 610 Si
886 582 973 622 qua
994 569 1155 610 esttibi
1177 581 1282 609 cura
1302 570 1475 607 tuorum
1494 578 1504 616 ;

232 640 411 679 Vertere
433 638 476 676 in
499 636 726 686 AEaciden,
750 649 979 689 caesosque
1000 636 1212 677 ulciscere
1232 636 1400 676 fratres.

235 706 386 747 Dixit:
417 707 459 744 et
479 703 710 744 ostendens
730 707 991 745 sternentem
1012 703 1149 744 Troia
1172 704 1286 743 ferro

234 772 436 824 Corpora
456 770 659 819 Peliden,
672 783 805 810 xarcus
826 771 1013 811 obvertit
1032 771 1075 810 in
1097 771 1241 810 illum:
1599 767 1686 808 605

234 838 450 891 Certaque
470 836 640 877 letifera
657 836 819 875 direxit
838 836 1011 887 spicula
1032 836 1202 876 dextra.

233 905 369 955 Quod
392 905 593 944 Priamus
616 901 804 953 gaudere
827 905 963 941 senex'
982 904 1084 953 post
1105 900 1301 940 Hectora
1321 904 1487 953 posset,

234 972 338 1013 Hoc
359 971 453 1011 fuit.
514 969 595 1010 Ille
615 968 747 1021 igitur
767 971 984 1010 tantorum
1006 968 1159 1015 victor,
1179 965 1365 1018 Achille,

232 1038 435 1080 Vinceris
455 1050 483 1077 a
502 1035 654 1077 timido
676 1034 827 1077 Graiae
847 1038 1018 1088 raptore
1038 1034 1237 1074 maritae?

231 1106 294 1148 At
315 1106 353 1146 si
371 1104 576 1145 foemineo
596 1102 737 1143 fuerat
755 1102 832 1143 tibi
856 1101 900 1142 M
909 1106 998 1143 arte
1020 1100 1279 1150 cadendum,
1600 1099 1684 1140 610

230 1171 628 1214 Thermodontiaca
645 1170 801 1211 malles
824 1169 1038 1210 cecidisse
1057 1168 1255 1221 bipenni.

230 1241 259 1281 J
266 1254 334 1281 am
354 1239 484 1279 timor
504 1237 578 1278 ille
600 1237 836 1291 Phrygum,
859 1238 991 1278 decus
1014 1241 1055 1277 et
1075 1236 1210 1276 tutela
1230 1235 1406 1288 Pelasgi

234 1305 454 1355 Nominis,
474 1304 701 1354 AEacides,
724 1308 857 1359 caput
877 1304 1173 1358 insuperabile
1194 1303 1326 1352 bello,

232 1435 386 1466 aescendit
402 1434 433 1464 in
448 1436 551 1464 castra
574 1431 728 1471 Trojana3
752 1435 782 1463 et
800 1433 882 1463 videt
911 1432 1056 1463 Paridem
1072 1432 1104 1462 in
1121 1430 1221 1462 media
1233 1435 1340 1469 strage
1364 1430 1498 1461 virorum
1512 1429 1688 1470 disperden-

232 1481 293 1507 tem
304 1476 441 1516 pretiosa
468 1475 529 1506 tela
553 1475 634 1506 inter
657 1476 766 1514 vulgus
784 1475 987 1505 Groecorum:
1012 1478 1102 1513 atque
1126 1474 1266 1504 indicans
1285 1484 1318 1504 se
1339 1474 1452 1512 Deum,
1470 1471 1687 1509 Quamobrem,

231 1519 343 1559 iuquit,
361 1519 421 1548 tela
443 1517 565 1557 spargis
580 1518 613 1547 in
633 1516 749 1553 funera
762 1516 881 1556 plebis?
925 1517 964 1547 Si
977 1517 1117 1546 solicitus
1132 1526 1163 1546 es
1177 1526 1232 1556 pro
1248 1517 1321 1554 tais,
1334 1518 1473 1546 com-erle
1486 1520 1519 1545 te
1532 1515 1565 1544 in
1580 1513 1688 1545 AEaci-

231 1563 405 1600 dematque
420 1560 565 1590 ulciscere
573 1559 696 1596 fratres
718 1562 881 1598 peremtas.
927 1559 1044 1590 Dia-it.-
1067 1562 1097 1588 et
1129 1562 1301 1589 monstrans
1325 1558 1456 1588 Peliden.
1478 1559 1688 1596 proterentem

225 1603 314 1639 ferro
330 1603 412 1633 viros
432 1601 587 1639 Troianos,
608 1603 740 1632 intendit
765 1611 870 1632 arcum
891 1601 924 1632 in
946 1601 1045 1638 illum,
1073 1604 1103 1630 et
1130 1601 1249 1631 diremit
1277 1604 1392 1631 certam
1418 1601 1570 1638 sagittam
1595 1607 1688 1629 manu

224 1644 373 1682 fatifera.
419 1644 489 1674 Hoc
507 1643 589 1681 fuit,
604 1653 661 1682 quo
679 1644 824 1673 Priamus
837 1653 929 1673 senex
942 1646 1043 1682 posset
1059 1644 1162 1673 loetari
1180 1646 1250 1682 post
1274 1643 1439 1672 Hectorem
1455 1651 1591 1672 eaesum.
1640 1640 1686 1670 Tu

232 1688 344 1726 igitur,
375 1687 520 1722 Achilles,
547 1685 680 1714 domitor
707 1688 863 1714 tantorum
879 1685 1028 1722 heroum,
1052 1685 1136 1714 cadis
1160 1695 1214 1724 per
1229 1685 1371 1714 timidum
1391 1685 1563 1722 proeclonem
1576 1682 1687 1722 puelloe

235 1731 356 1759 Groecoe
367 1727 383 1759 ζ)
427 1729 472 1757 At
487 1728 514 1757 si
529 1727 587 1757 tibi
602 1725 711 1764 suerat
735 1726 968 1756 occumbendum
989 1737 1081 1757 mami
1099 1725 1260 1763 fluminea,
1285 1727 1389 1756 malles
1404 1725 1575 1755 occubuisse
1588 1724 1688 1763 securi

234 1769 516 1801 Thermodontiaca.
559 1770 632 1799 Jam
648 1768 699 1799 ille
714 1771 814 1799 terror
833 1768 1043 1807 Trqjanorum,
1066 1768 1224 1808 AEacides,
1237 1768 1331 1798 honor
1346 1771 1374 1798 et
1386 1767 1566 1808 prcesidium
1578 1765 1688 1806 gloriae

843 1851 1073 1862 “comm-‘st

229 1909 296 1940 neb.
313 1909 441 1939 delatus.
464 1907 596 1938 Deinde
616 1907 659 1938 Ο.
675 1907 707 1937 in
722 1907 950 1945 agrum—599
974 1905 1169 1936 Genevens.
1186 1905 1217 1936 in
1232 1905 1318 1946 plebe
1333 1905 1498 1936 viru-600
1515 1904 1686 1934 Praestan-

231 1952 379 1982 tissimus
406 1951 455 1981 Fl.
486 1951 596 1981 Gnara
624 1959 696 1989 per:
722 1948 842 1980 Heins.
869 1948 957 1987 conj.
989 1947 1122 1984 Gmwa;
1146 1949 1261 1981 Burin.
1278 1948 1350 1978 vult
1374 1948 1471 1979 Vana.
1496 1947 1686 1978 Genevens.

233 1994 336 2024 etiam
350 2003 432 2024 cern.
452 1995 694 2023 acervos.—603
717 1991 757 2021 In
774 1990 975 2031 quibusdam
991 1991 1255 2030 Idaeasque-”604
1280 1990 1373 2021 Troia
1392 1990 1511 2020 Heius.
1535 1988 1630 2020 dedit
1644 1997 1686 2019 ex

231 2036 391 2068 Calandr.
410 2040 444 2066 et
461 2036 570 2066 altero
587 2034 794 2073 Hamburg.:
826 2033 913 2072 vulg.
939 2033 1165 2063 Troica—607
1190 2033 1283 2063 Libri
1308 2032 1467 2072 permulti
1492 2032 1605 2067 Quod;
1628 2029 1686 2061 alii

233 2080 349 2113 Quo.-—
359 2082 422 2109 609
450 2078 591 2109 Vinceris
606 2077 726 2108 Heius.
744 2075 885 2115 protulit
898 2084 939 2106 ex
954 2075 1123 2114 Bernegg.
1142 2085 1188 2114 pr.
1203 2073 1333 2105 Erfurt.
1351 2080 1387 2105 et
1403 2084 1461 2104 sex
1475 2074 1570 2110 aliis3
1597 2073 1685 2112 vulg.

240 2121 347 2151 Victus
369 2131 418 2151 es:
439 2120 590 2150 nonnulli
607 2119 709 2150 etiam
740 2118 892 2149 Vincitur.
917 2117 1053 2148 Deinde
1069 2118 1103 2147 in
1129 2127 1179 2157 pr.
1196 2117 1283 2147 Mor.
1299 2120 1381 2156 rapt.
1394 2116 1523 2156 puelloe,·
1547 2120 1581 2145 at
1599 2114 1685 2145 Bur-

231 2172 351 2194 manno
366 2163 557 2203 elegantior
570 2161 706 2193 videtur
722 2160 826 2192 lectio
843 2169 894 2200 pr.
911 2159 990 2190 Bas.
1009 2159 1266 2196 juvenem-611
1294 2158 1360 2189 Alii
1376 2158 1529 2189 scribunt
1543 2157 1684 2188 Thermo-

891 2244 1027 2275 NOTAE

231 2310 319 2341 Delo
337 2309 442 2339 insula
459 2313 574 2338 natum
592 2307 748 2338 diximus.
984 2307 1152 2337 duntaxat
1198 2305 1408 2337 vulnerabile
1447 2304 1580 2344 habuit,
1619 2315 1684 2345 qua

273 2362 337 2390 606
370 2357 516 2397 Diremit]
565 2357 613 2387 Ut
648 2357 697 2387 ita
721 2366 787 2386 non
815 2359 883 2386 tam
911 2365 929 2386 a
984 2360 1081 2396 parte
1117 2355 1277 2386 infantem
1325 2355 1449 2396 Stygiis
1489 2354 1587 2385 undis
1624 2353 1684 2385 inr-

231 2407 370 2447 Paride,
400 2415 499 2447 quam
529 2405 570 2436 ab
598 2405 755 2445 Apolline
782 2405 868 2445 ipso,
892 2410 930 2436 ut
983 2415 1138 2446 mergens
1154 2410 1263 2436 mater
1277 2405 1513 2445 prehenderat.
1535 2414 1539 2424 2

232 2458 377 2491 Calaber
401 2456 609 2496 indignatur,
632 2455 761 2486 occisus
778 2454 931 2485 videatur
1025 2458 1086 2486 607
1122 2456 1197 2486 Post
1218 2455 1372 2495 Hectora]
1413 2454 1598 2494 Postquam
1625 2453 1682 2485 ille

232 2507 393 2539 Achilles.
455 2506 615 2536 Ceterum
644 2514 705 2545 per
733 2504 871 2535 insidias
896 2505 928 2534 in
983 2505 1132 2535 sublatus
1149 2510 1248 2536 esset.

231 2556 399 2597 Apollinis
425 2555 615 2595 Tliymbraei
638 2555 775 2594 templo,
797 2564 862 2594 quo
886 2554 927 2584 ad
1026 2557 1090 2585 609
1115 2555 1239 2594 Graioe]
1271 2554 1427 2592 Helenae,
1443 2552 1587 2585 scilicet.

230 2607 418 2646 Polyxenae
449 2605 583 2645 nuptias
610 2605 772 2635 invitatus
801 2603 929 2644 fuerat,
1024 2607 1087 2635 610
1111 2605 1265 2635 Foemineo
1281 2604 1402 2643 Marte]
1443 2602 1540 2634 Bello
1557 2606 1592 2633 et
1607 2602 1684 2634 viri·

231 2658 274 2689 ab
295 2656 414 2688 eodem
436 2661 546 2687 tamen
562 2655 687 2686 Paride
704 2660 781 2695 post
798 2656 928 2686 simula-
983 2653 1045 2684 bus
1062 2654 1290 2684 muliebribus.

232 2716 327 2738 crum
345 2707 486 2744 latente,
511 2705 567 2736 alii
590 2704 807 2736 interfectum
825 2706 928 2745 scrip·
1025 2706 1086 2734 611
1096 2702 1535 2742 Thermodontiaca]Qualem
1544 2701 1682 2742 gerebat

232 2761 358 2788 serunt.
398 2756 473 2787 Deo
488 2764 569 2786 vero
590 2755 746 2795 sagittam
761 2754 928 2794 dirigente
982 2754 1213 2793 Penthesilea,
1227 2750 1676 2792 Amazonum,Therm0don-

232 2816 317 2847 opus
345 2805 423 2846 fuit,
449 2803 612 2847 siquidem
645 2804 703 2836 ille
731 2804 927 2837 calcaneum
983 2804 1025 2835 tis
1039 2803 1186 2844 Scythiae
1202 2802 1297 2836 fluvii
1311 2802 1514 2844 accolarum,
1527 2801 1656 2844 regina.
