1831 3023
303 240 416 280 1084
792 253 832 282 P.
862 252 1019 284 ovrmr
1053 253 1264 284 NAsole

303 345 421 398 Ergo
441 345 518 387 ubi
537 359 583 387 se
602 347 806 400 liquidas,
824 362 912 402 quo
930 349 996 389 vir
1016 350 1313 398 descenderat,
1334 348 1474 390 undas
1659 346 1744 388 380

303 412 586 454 Semimarem
606 414 760 454 fecisse
778 415 910 465 videt,
932 417 1184 469 mollitaque
1204 417 1249 455 in
1268 416 1355 456 illis

306 479 507 521 Membra
524 495 533 530 ;
566 494 718 521 manus
739 482 931 532 tendens,
955 483 1032 523 sed
1046 483 1139 536 jam
1160 495 1244 523 non
1263 495 1372 522 voce
1386 482 1517 531 virili,

304 546 704 597 Hermaphroditus
727 549 801 597 ait,
822 548 943 589 Nato
965 548 1062 588 date
1083 561 1260 589 munera
1278 551 1435 597 vestro,

303 612 360 654 Et
379 621 500 667 pater
519 621 559 655 et
580 616 779 667 genitrix,
803 617 1025 656 amborum
1046 629 1201 656 nomen
1222 615 1397 654 habenti
1415 628 1424 654 :

305 681 522 733 Quisquis
543 684 584 721 in
606 681 684 722 hos
703 683 840 722 fontes
862 684 927 722 vir
946 683 1128 731 venerit,
1151 686 1280 723 exeat
1299 681 1397 722 inde
1661 680 1746 722 385

305 747 515 789 Semivir:
547 753 588 789 et
607 750 737 790 tactis
759 750 901 789 subito
923 749 1152 789 mollescat
1170 749 1214 788 in
1233 748 1374 788 undis.

304 813 461 855 Motus
482 818 657 868 uterque
677 829 836 868 parens
855 817 944 856 nati
964 819 1057 856 rata
1076 821 1182 856 vota
1209 815 1406 855 biformis

306 882 444 931 Fecit,
468 887 509 922 et
531 883 691 923 incerto
711 882 870 923 sontem
889 882 1174 924 medicamine
1190 883 1332 922 tinxit.

390 1083 507 1123 ΓΑΒ.
540 1083 658 1124 XII.
727 1083 971 1138 Minyeides
989 1084 1211 1126 Thebanae
1233 1084 1278 1125 in
1297 1083 1661 1138 vespertiliones.

304 1189 516 1220 erx'fflmzs
531 1190 698 1222 Thebanae
716 1201 846 1222 sorores
861 1192 965 1224 fuisse
981 1194 1182 1233 produntur,
1195 1204 1334 1235 quarum
1350 1194 1569 1225 solertissima
1580 1191 1751 1231 Alcithoe,

346 1247 381 1273 et
408 1242 599 1281 Leuconoe,
627 1242 740 1273 Liberi
769 1253 866 1274 sacra
893 1245 982 1284 quod
1010 1245 1042 1274 in
1066 1251 1274 1277 contemtum
1298 1247 1559 1284 devocaverunt,
1580 1245 1748 1276 Minervae

345 1294 490 1325 lanificio
505 1294 661 1332 addictae,
673 1305 714 1325 ex
728 1295 908 1335 improviso
921 1297 975 1327 die
987 1298 1140 1337 numinis,
1151 1299 1287 1328 vocibus
1299 1299 1455 1328 tibiarum
1464 1304 1499 1327 et
1510 1304 1748 1337 tympanorum

345 1358 426 1380 sono
442 1350 615 1379 exterritae
633 1354 721 1388 suut,
739 1359 812 1389 quae
830 1350 989 1380 tamenin
1007 1357 1190 1391 conspectu
1207 1361 1272 1381 non
1290 1351 1455 1381 viderant.
1500 1350 1588 1380 Dein
1609 1349 1666 1380 ubi
1680 1349 1751 1380 ani-

345 1402 561 1433 madvertere
577 1402 660 1433 telas
677 1403 968 1444 instrumentaque
983 1413 1040 1434 sua
1056 1404 1091 1434 in
1107 1403 1265 1434 hederam
1288 1413 1327 1434 ac
1345 1404 1430 1434 vites
1449 1408 1590 1443 repente
1606 1407 1751 1443 mutata,

346 1455 497 1485 etlocum
506 1460 676 1485 assuetum
687 1453 766 1485 feris
776 1456 956 1495 repletum,
967 1460 1168 1497 noctemque
1177 1456 1375 1488 timentibus
1385 1454 1537 1496 offusam,
1548 1456 1581 1486 in
1595 1455 1748 1487 volucres

345 1516 518 1538 conversae
534 1511 624 1546 sunt,
641 1517 715 1547 quae
733 1507 989 1547 vespertiliones
1007 1513 1179 1539 vocantur.

303 1589 357 1644 F
359 1617 460 1647 1N1s
481 1611 573 1646 erat
588 1606 716 1646 dictis
733 1620 743 1657 3
775 1610 816 1647 et
834 1606 976 1647 adhuc
1000 1606 1194 1660 Minyeia
1212 1606 1358 1660 proles

303 1671 439 1725 Urget
458 1686 585 1725 opUS,
609 1673 860 1726 spernitque
881 1673 1041 1723 Deum,
1061 1673 1308 1727 festumque
1327 1673 1546 1726 profanat:
1663 1673 1749 1714 390

304 1781 446 1812 videntur
462 1786 605 1812 neutrum
625 1785 654 1813 et
671 1786 852 1822 utrumque.-
874 1792 943 1813 cum
965 1782 1067 1822 igilur
1095 1781 1376 1822 Hermaphroditus
1394 1782 1491 1811 cernit
1507 1790 1600 1821 aquas
1613 1781 1749 1821 fluidas,

303 1833 359 1862 qao
372 1824 420 1853 rir
434 1825 616 1863 intraverat,
630 1825 796 1854 reddidisse
809 1825 996 1864 semivirum,
1011 1828 1040 1855 et
1056 1827 1142 1854 artus
1157 1833 1217 1854 esse
1233 1823 1436 1863 effoeminatos
1451 1824 1484 1853 in
1499 1824 1576 1861 illis,
1587 1825 1751 1862 porrigens

301 1875 410 1895 ’nanus
424 1865 519 1904 dixit,
536 1867 588 1895 sed
600 1875 657 1895 non
670 1867 739 1904 jam
751 1875 823 1896 sono
835 1867 977 1905 masculo,
995 1867 1023 1896 Ο
1037 1869 1127 1905 pater
1142 1869 1170 1896 et
1187 1869 1297 1903 mater,
1305 1864 1406 1902 facite
1421 1865 1455 1894 iu
1466 1864 1681 1905 gratiamfilii
1696 1865 1750 1905 qui

302 1906 393 1937 habet
408 1917 515 1938 nomen
527 1908 698 1947 utriusque,
714 1911 747 1938 ut
763 1909 939 1947 quicumque
954 1918 1018 1939 mas
1029 1908 1223 1939 descenderit
1234 1911 1265 1938 z'n
1281 1907 1460 1944 stfontes‚
1475 1907 1654 1945 egrediatur
1674 1908 1748 1938 inde

303 1949 428 1978 semivir
436 1959 447 1984 ;
469 1953 499 1979 et
515 1952 637 1988 repente
664 1950 837 1979 emolliatur
857 1950 890 1979 in
913 1950 1000 1988 aquis
1023 1950 1126 1979 tactis.
1170 1950 1292 1979 Parens
1319 1951 1445 1988 uterque
1459 1958 1597 1979 annuens
1601 1948 1749 1990 firmat-it

302 1990 480 2031 precesfilii
490 1990 638 2028 ambigui,
651 1994 681 2020 et
698 1990 937 2028 infecitsontem
951 1991 1057 2030 ignoto
1072 2000 1195 2021 veneno.

346 2041 410 2064 xit.
433 2032 635 2064 Absolverant
650 2042 720 2063 suas
736 2033 939 2073 narrationes,
955 2037 984 2063 et
1001 2033 1098 2064 adhuc
1115 2032 1257 2073 Minyeia
1270 2031 1433 2073 progenies
1443 2035 1603 2072 promovet
1619 2041 1703 2074 opus,
1717 2035 1748 2065 et

896 2114 1128 2126 eeeeeeeeeee

304 2183 407 2211 ——385
431 2180 527 2211 Unus
543 2180 638 2211 Leid.
655 2190 716 2220 pro
733 2189 801 2211 var.
818 2180 896 2211 lect.
918 2180 967 2210 tir
982 2180 1094 2216 nabat;
1127 2180 1216 2211 unde
1242 2180 1359 2211 Heius.
1385 2179 1474 2220 conj.
1497 2179 1630 2211 noterit.
1654 2179 1749 2213 Med.

299 2233 352 2261 pr.
377 2226 466 2254 exeat
492 2223 691 2253 idem—386
724 2222 843 2254 Heius.
870 2222 966 2253 malit
988 2222 1026 2252 ab
1049 2223 1150 2261 undis,
1177 2223 1231 2254 vel
1257 2227 1291 2253 at
1316 2223 1525 2253 andis.—387
1554 2222 1634 2254 Vota
1661 2232 1748 2254 unus

305 2266 433 2296 Bersm.
450 2270 486 2296 et
501 2266 557 2296 alii
573 2275 616 2296 ex
633 2265 767 2296 Heinsii
780 2265 877 2296 codd.
895 2265 987 2305 vulg.
1003 2265 1214 2296 verbm—388
1237 2266 1329 2296 Unus
1344 2265 1439 2296 Med.
1455 2268 1486 2296 et
1499 2265 1640 2303 incest0;
1662 2274 1748 2297 unus

952 2366 1096 2398 NOTJE

345 2442 407 2470 382
431 2440 546 2470 Manus
559 2440 700 2480 tendens]
732 2439 784 2471 Ad
799 2440 920 2480 sidera,
934 2441 996 2471 sci·
1052 2440 1107 2470 ubi
1131 2439 1310 2471 latrocinia
1332 2439 1540 2471 exercebant
1562 2439 1604 2470 ad
1631 2444 1748 2472 notum

301 2489 394 2528 licet,
410 2490 465 2530 qui
483 2490 694 2530 precantium
711 2500 780 2521 mos
795 2495 858 2520 est.
1051 2488 1177 2520 fontem
1200 2489 1458 2528 descenderent,
1481 2490 1526 2520 ibi
1553 2490 1587 2520 in
1612 2490 1750 2522 Graeco-

346 2541 408 2569 388
443 2539 568 2580 Tinxit]
600 2539 699 2570 Falso
729 2540 895 2571 creditum
924 2550 997 2571 esse
1051 2550 1123 2570 rum
1140 2540 1417 2571 consuetudinem
1430 2539 1749 2572 etsuavitatemsua

304 2597 447 2619 venerea
473 2589 613 2619 mollitie
641 2590 813 2630 implicare
839 2591 997 2621 Salmaei-
1053 2591 1229 2620 voluntate
1256 2590 1385 2620 redarii
1410 2587 1545 2619 fuerim.
1601 2589 1748 2621 Divitias

303 2637 379 2668 dem
402 2648 459 2669 eos
474 2639 528 2680 qui
551 2649 594 2670 ex
615 2649 676 2670 suo
700 2639 793 2671 fonte
823 2641 997 2681 bibissent,
1052 2645 1087 2670 et
1099 2640 1513 2678 victusintemperantiam
1527 2649 1641 2670 veram
1655 2639 1747 2671 dicas

303 2687 440 2726 scripsit
466 2688 655 2720 Vitruvius.-
694 2696 793 2731 atque
825 2692 871 2720 ait
911 2692 996 2721 idem
1050 2690 1283 2720 Sarmat-idem.

303 2734 427 2767 fabulae
444 2738 553 2768 locum
573 2738 720 2778 dedisse,
736 2739 826 2780 quod
840 2740 880 2770 ab
897 2740 998 2779 Argis
1094 2743 1155 2771 390
1180 2740 1282 2780 Opus]
1305 2741 1434 2779 Telam,
1457 2740 1510 2770 die
1536 2739 1672 2770 Baccho
1697 2748 1748 2770 sa-

304 2785 438 2817 sedibus
454 2787 542 2826 pulsi
557 2787 661 2821 Cares
677 2799 752 2820 cum
775 2799 817 2820 ex
830 2790 998 2825 montibus
1052 2801 1124 2832 cro,
1138 2792 1256 2832 nectit,
1270 2790 1451 2822 lanificium
1465 2794 1625 2829 exercet;
1653 2788 1744 2831 quod
