1831 3023
1498 194 1612 259 14i3

1556 319 1612 361 80

546 221 1017 255 METAMORPHOSEON
1052 223 1146 254 Lm.
1179 224 1230 254 X.

162 312 684 367 Foemineam‘Venerem3
715 328 791 356 seu
811 315 928 370 qnod
949 315 1064 357 male
1086 318 1280 357 cesserat
1299 316 1363 357 illi
1380 330 1391 368 ;

161 387 264 428 Sive
283 387 411 428 fidem
431 384 620 425 dederat.
683 381 852 423 Multas
872 386 1016 424 tamen
1036 381 1164 423 ardor
1183 381 1374 424 habebat

158 452 189 494 J
194 466 348 506 ungere
369 465 417 493 se
436 450 548 491 vati:
579 449 731 489 multae
757 448 930 490 doluere
949 449 1155 503 repulsae.

160 519 242 560 Ille
262 520 389 561 etiam
409 517 628 558 Thracum
649 516 829 569 populis
850 517 933 558 fuit
954 522 1121 567 auctor,
1143 529 1335 558 amorem

159 585 211 626 In
231 590 400 627 teneros
420 582 649 626 transferre
667 595 805 623 mares
823 598 831 624 :
863 584 1058 637 citraque
1073 584 1304 638 juventam

160 652 325 694 AEtatis
346 653 480 692 breve
498 662 589 701 ver,
611 654 655 691 et
674 650 839 703 primos
860 662 1039 703 carpere
1059 649 1205 692 flores.
1557 650 1613 692 85

555 858 673 901 FAB.
705 859 771 902 ΙΙ.
831 859 951 901 Attis
973 861 1016 901 in
1041 858 1214 902 Pinum.

157 967 212 998 An
224 971 342 999 cantus
359 968 502 1009 Orphei,
517 967 745 999 desiderantis
762 967 1042 1000 consuetudinem
1058 968 1225 1008 conjugis,
1241 976 1314 999 cum
1329 966 1474 1008 plurima
1487 964 1612 997 anima-

197 1021 242 1052 lia
257 1026 361 1062 capta
382 1021 474 1053 vocis
495 1021 676 1052 dulcedine
698 1021 962 1059 convenissent;
984 1025 1020 1051 et
1050 1021 1083 1051 in
1107 1020 1160 1051 his
1185 1020 1290 1052 etiam
1310 1019 1448 1051 arbores
1464 1018 1612 1050 elicitae:

196 1074 286 1105 inter
302 1083 359 1106 eas
372 1080 512 1116 stupens
528 1075 686 1106 cantibus
712 1074 779 1106 fuit
802 1075 902 1115 pinus
923 1073 1084 1114 Cybeles,
1102 1073 1239 1112 montis,
1255 1073 1313 1115 qui
1328 1073 1362 1104 in
1377 1071 1529 1114 Phrygia
1544 1075 1613 1110 est,

198 1127 230 1158 in
245 1137 344 1169 quum
361 1127 453 1159 Attis
467 1128 584 1160 matris
602 1129 712 1160 Deum
727 1127 869 1159 antistes
886 1132 1037 1160 mutatus
1054 1132 1118 1159 est.

155 1212 360 1272 Cunus
382 1236 489 1282 erat,
513 1232 759 1286 collemque
780 1246 912 1287 super
931 1231 1197 1286 planissima
1215 1230 1361 1283 campi

153 1296 274 1338 Area
291 1312 300 1339 :
332 1312 465 1352 quam
486 1300 668 1341 viridem
688 1299 910 1341 faciebant
930 1300 1137 1352 graminis
1153 1298 1319 1338 herbae.

154 1363 323 1406 Umbra
341 1365 444 1407 loco
465 1366 629 1407 deerat.
691 1365 794 1416 Qua
813 1369 1050 1419 postquam
1077 1369 1202 1418 parte
1222 1361 1387 1404 resedit

153 1429 238 1472 Dis
257 1432 426 1484 genitus
448 1436 587 1482 vates,
607 1436 651 1473 et
669 1431 745 1473 fila
765 1431 969 1472 sonantia
987 1430 1153 1481 movit;

153 1495 322 1539 Umbra
338 1499 441 1540 loco
461 1500 592 1540 venit.
654 1498 758 1540 Non
779 1497 974 1539 Chaonis
996 1497 1136 1539 abfuit
1157 1496 1305 1544 arbos,
1555 1494 1613 1536 90

154 1617 296 1658 Orpheus
309 1618 369 1650 eibi
384 1621 611 1660 temperaverat
637 1619 675 1650 ab
690 1620 773 1650 omni
787 1619 938 1657 foeminea
968 1619 1097 1657 Venere,
1120 1617 1184 1648 sive
1208 1616 1288 1656 quod
1308 1615 1387 1646 male
1402 1614 1448 1645 tui
1463 1617 1612 1653 verterat,

151 1661 214 1691 eive
333 1661 557 1693 obstrinxerat.
603 1662 716 1693 Muuoe
742 1665 845 1693 tamen
860 1662 1070 1702 maximopere
1090 1659 1254 1700 cupiebant
1278 1658 1415 1697 copulari
1436 1667 1503 1688 cum
1518 1660 1589 1688 tate
1600 1667 1612 1694 ‚-

152 1702 257 1732 muuoe
280 1703 429 1742 neglecta:
453 1713 537 1743 «egre
560 1714 661 1744 passae
683 1707 767 1734 sunt.
815 1705 874 1734 lue
900 1704 995 1734 etiam
1018 1703 1116 1733 euasit
1141 1700 1313 1732 Thracibus
1334 1699 1454 1739 populis
1477 1708 1613 1730 amorem

152 1745 366 1776 transmittere
380 1745 413 1776 in
436 1746 541 1776 molles
551 1755 676 1786 pueros,
694 1749 723 1777 et
739 1746 880 1787 deripere
895 1746 1010 1786 primos
1024 1744 1124 1785 flores
1149 1744 1229 1774 citra
1248 1742 1445 1780 juventutem
1467 1745 1499 1771 et
1523 1740 1612 1772 breve

153 1795 205 1816 ver
219 1787 337 1817 oetatie.

196 1836 236 1859 u.
260 1829 354 1860 Mons
367 1832 447 1868 erat,
464 1833 493 1860 et
509 1839 599 1870 super
626 1832 758 1860 montem
781 1831 916 1870 spatium
940 1829 1040 1869 campi
1063 1826 1293 1869 planissimum,
1321 1826 1399 1866 quod
1419 1823 1613 1864 graminibus

153 1870 329 1902 arescebat.
378 1871 494 1903 Umbra
508 1871 743 1902 desiderabatur
763 1873 845 1903 loco.-
869 1872 921 1903 ubi
943 1876 1102 1912 postquam
1128 1869 1203 1901 Diis
1217 1872 1303 1899 ortus
1316 1872 1401 1898 vates
1416 1867 1564 1906 consedit,
1579 1871 1611 1898 et

150 1913 286 1952 pulsat-it
315 1923 424 1945 nervos
447 1924 583 1954 sonoros,
607 1914 715 1945 umbra
737 1914 831 1956 affuit
854 1915 928 1946 loco.
976 1915 1046 1945 Non
1060 1913 1153 1945 arbor·
1171 1911 1310 1943 Chaonia
1323 1910 1436 1951 defuit,
1450 1919 1510 1940 non
1523 1909 1612 1951 sylva

765 1999 999 2010 eeeeeeeeeeee

151 2050 243 2083 Dein
267 2051 301 2082 in
332 2051 483 2082 Berolin.
507 2051 605 2082 abest
627 2054 779 2092 qua—Sl
806 2051 926 2082 Heius.
950 2051 1100 2082 malebat
1136 2051 1204 2081 ard.
1230 2049 1440 2088 agebam—84
1463 2049 1610 2088 Sligten-

149 2093 295 2126 horstius
311 2094 449 2125 volebat
463 2094 701 2135 circaque-eo
724 2093 808 2135 Arg.
826 2094 922 2124 Gallie
936 2104 983 2125 er.
1030 2093 1112 2125 Duo
1135 2093 1193 2124 alii
1215 2093 1283 2123 coll.
1300 2101 1404 2133 supra.
1451 2091 1496 2122 Et
1510 2091 1612 2123 Voss.

813 2188 951 2221 No'rAE

193 2269 232 2297 81
261 2265 369 2297 Fidem
382 2264 525 2304 dederat]
532 2264 628 2303 Sive,
642 2263 752 2306 inquit
764 2264 853 2296 Po‘e-
906 2267 943 2296 et
957 2263 1058 2295 Musa
1071 2261 1239 2302 Calliope,
1252 2264 1292 2292 ut
1306 2259 1461 2301 plurimis
1474 2259 1599 2300 placet.

151 2315 358 2357 ta‚infe1icis
371 2315 522 2355 conjugii
537 2314 668 2354 dolore,
678 2314 749 2345 nive
762 2315 853 2356 quod
950 2314 1024 2345 Fila
1039 2311 1198 2352 sormntia]
1222 2311 1372 2344 Citharae
1396 2310 1538 2342 chordas
1561 2310 1610 2342 in·

151 2368 200 2399 iu
216 2367 314 2398 uxori
340 2366 511 2407 pollicitus
527 2369 631 2404 esset,
655 2365 779 2397 nullum
794 2365 854 2397 foe-
909 2364 1047 2404 telligit.

150 2417 274 2448 minam
308 2421 443 2448 mortua
479 2414 650 2455 Eurydice
697 2414 852 2456 Orpheus

151 2466 327 2508 attigerat.

193 2520 235 2549 ⁸4
258 2515 453 2556 Tramserre]
478 2516 554 2547 Hac
570 2515 760 2547 execranda
778 2516 852 2548 libi-

151 2567 231 2598 dine
247 2565 393 2597 famosus
416 2567 501 2597 vixit
530 2567 579 2597 vir
604 2572 722 2598 cetera
745 2567 852 2599 omniu

152 2615 286 2657 generi·
301 2615 464 2646 virtutum
481 2616 641 2656 insignium
663 2617 689 2646 ei
711 2616 809 2648 modo
824 2618 851 2649 ie

151 2664 279 2706 aliquid
311 2670 436 2704 praeter
464 2665 648 2697 Poetarum
679 2666 852 2709 figmenta,

151 2726 194 2747 ex
212 2715 308 2746 Mose
325 2719 437 2746 tamen
454 2725 628 2756 expressa,
642 2715 718 2748 fuit.

193 2768 236 2796 ns
261 2764 324 2796 Dis
335 2765 475 2805 genitus]
509 2765 681 2809 Apolline,
706 2767 850 2810 scilicet,

949 2417 992 2445 90
1020 2413 1153 2453 Umbra]
1191 2411 1282 2445 Quia
1314 2410 1464 2450 arbores,
1491 2414 1609 2442 cantus

907 2464 1090 2496 dulcedine
1107 2464 1247 2501 illectae,
1263 2462 1342 2492 illuc
1359 2459 1608 2492 confluxerunt.

953 2513 1104 2554 Chaonis]
1128 2514 1299 2546 Quercum
1317 2511 1412 2550 dicit,
1436 2511 1532 2550 cujus
1556 2517 1610 2549 ge-

908 2565 998 2596 neris
1029 2563 1208 2596 arboribus
1232 2562 1396 2599 Chaonia,
1413 2560 1505 2599 Epiri
1531 2568 1607 2599 pro-

909 2615 1030 2654 vincia,
1047 2615 1080 2646 in
1097 2624 1164 2656 qua
1188 2613 1291 2644 etiam
1313 2610 1485 2642 vocalibus
1509 2619 1608 2650 quer·

906 2665 1014 2697 cubus
1050 2663 1271 2696 celeberrima
1294 2661 1389 2701 sylva
1417 2657 1607 2699 Dodonaea,

905 2715 1059 2758 inprimis
1077 2712 1236 2746 abundat.
