1831 3023
205 198 318 239 1294
690 209 732 238 1³.
765 208 921 238 ovrnu
957 207 1169 238 NASONIS

204 303 450 356 Amplexus
471 305 514 343 et
532 315 658 357 opem
681 303 811 344 Liber
825 303 950 344 tulit:
982 307 1118 357 utque
1139 303 1313 356 perenni

206 371 358 411 Sidere
379 369 501 411 clara
519 370 642 420 foret,
664 374 852 411 sumtam
873 371 927 410 de
947 370 1084 410 fronte
1106 383 1314 411 coronam

206 436 394 478 Immisit
415 438 545 479 coelo.
605 438 779 478 Tenues
800 438 921 477 volat
939 438 1016 477 illa
1038 451 1113 489 per
1135 451 1284 478 auras:

206 504 409 557 Dumque
428 505 570 555 volat3
601 516 780 555 gemmae
803 504 974 544 subitos
993 509 1214 546 vertuntur
1232 506 1273 545 in
1293 505 1414 557 ignes
1431 514 1440 542 ε

206 570 545 623 Consistuntque
566 571 680 619 loco,
703 571 850 622 specie
869 577 1110 612 remanente
1133 571 1352 620 Coronae,-

207 637 297 687 Qui
317 638 488 678 medius
508 637 688 689 nixique
709 649 820 688 genu
841 641 923 686 est,
945 650 1211 691 anguemque
1232 637 1426 680 tenentis.

1572 502 1655 544 180

426 837 544 878 FAB.
567 835 657 877 ΙΙΙ.
731 835 894 876 Perdix
914 837 958 877 in
979 836 1122 878 Avem
1144 838 1213 878 sui
1234 837 1436 878 nominis.

205 948 389 978 DAEDALus
406 947 584 986 Eupalami
599 945 688 977 filius
703 946 1015 986 supradictus,cum
1033 951 1175 987 propter
1192 947 1368 977 commissa
1383 945 1546 985 Minoem,
1562 952 1655 984 aquo

248 1001 379 1031 clausus
397 1000 590 1039 tenebatur,
613 999 795 1040 profugere
811 1000 927 1039 vellet,
944 1008 1068 1039 pennas
1085 999 1148 1030 sibi
1164 1004 1198 1030 et
1222 999 1290 1030 filio
1306 999 1404 1030 Icaro
1421 997 1566 1038 aptavit,
1585 996 1656 1037 qui-

248 1053 324 1092 bus,
354 1057 390 1083 ut
418 1053 585 1091 volucres,
613 1051 834 1093 profugerent
867 1053 955 1093 regis
986 1052 1177 1093 imperium.
1241 1052 1392 1084 Quorum
1419 1049 1659 1090 IcaruS,„quia

249 1105 433 1145 praeceptis
462 1106 612 1145 parentis
647 1104 886 1145 obtemperare
911 1105 1124 1145 nequiverat,
1149 1105 1182 1134 in
1214 1105 1356 1135 insulam
1381 1103 1483 1134 maris
1518 1101 1659 1139 decidit,

248 1168 322 1198 quae
343 1159 384 1189 ab
413 1159 485 1199 ejus
513 1160 647 1190 nomine
677 1158 788 1189 Icaria
818 1158 911 1188 dicta
935 1161 1002 1187 est.
1046 1157 1210 1187 Daedalus
1238 1161 1352 1187 autem
1380 1156 1413 1185 in
1440 1154 1589 1186 Siciliam
1615 1152 1658 1184 ad

249 1212 408 1242 Cocalum
428 1221 554 1252 regem,
576 1212 711 1252 sepulto
738 1210 820 1251 filio,
846 1209 1016 1251 profugit3
1039 1210 1132 1250 cujus
1156 1219 1268 1240 casum
1292 1208 1434 1248 Perdix,
1450 1207 1544 1239 Calai
1559 1206 1659 1246 filius,

249 1264 464 1296 Atheniensis
492 1275 552 1305 pro
579 1265 702 1305 gaudio
728 1264 827 1295 tulit:
860 1273 936 1293 nam
952 1273 1028 1294 cum
1050 1263 1076 1293 is
1100 1273 1119 1293 a
1135 1265 1242 1292 matre
1259 1266 1398 1302 propter
1422 1260 1670 1300 cognationem*

250 1315 345 1347 fratri
362 1317 462 1347 datus
479 1322 570 1348 esset
597 1317 630 1347 in
658 1316 887 1356 disciplinam,
904 1316 982 1356 quia
1007 1315 1132 1356 primus
1157 1324 1259 1346 serrae
1285 1315 1440 1345 inventor
1455 1312 1589 1352 fuerat3
1615 1313 1659 1344 ob

249 1369 410 1400 invidiam
427 1370 551 1410 ingenii
568 1370 740 1400 aDaedalo
755 1368 993 1409 praecipitatus
1005 1373 1078 1398 est:
1104 1368 1157 1398 cui
1170 1367 1204 1397 in
1215 1368 1311 1398 malis
1321 1368 1476 1398 Minerva
1488 1366 1661 1398 decidenti

251 1432 350 1462 opem
366 1423 457 1453 tulit.
502 1422 594 1453 Ante
612 1422 714 1460 enim,
731 1431 828 1462 qnam
848 1425 971 1451 terram
1000 1421 1227 1461 contingeret,
1243 1421 1286 1451 ab
1308 1430 1348 1452 ea
1364 1421 1397 1451 in
1421 1421 1592 1451 volucrem
1608 1423 1660 1451 est

253 1485 382 1514 versus,
395 1485 468 1517 quae
485 1485 504 1505 a
520 1475 654 1505 nomine
672 1475 743 1514 ejus
760 1474 881 1514 perdix
898 1479 1049 1506 vocatur.

211 1560 486 1618 DAEDALUS
508 1578 673 1618 interea
694 1577 863 1627 Creten,
882 1578 1139 1631 longumque
1158 1591 1345 1631 perosus

209 1694 298 1730 utque
312 1695 346 1721 ue
363 1695 437 1721 esset
452 1692 582 1721 illustris
602 1692 770 1722 immortali
792 1693 903 1733 sidere,
917 1693 997 1731 jecit
1021 1693 1054 1723 in
1078 1694 1184 1722 caelum
1208 1702 1350 1723 coronam
1374 1694 1532 1732 dereptam
1539 1693 1660 1731 fronte.

210 1733 270 1763 Illa
284 1734 366 1763 volat
380 1743 436 1773 per
449 1733 590 1764 subtilem
605 1734 706 1764 aerem
718 1744 730 1770 ;
753 1737 783 1764 et
806 1735 879 1764 dum
905 1736 998 1773 volut,
1023 1735 1148 1765 uniones
1172 1737 1332 1764 mutantur
1354 1734 1540 1773 inflammas
1554 1745 1662 1775 repen-

210 1775 312 1810 tinam
326 1779 368 1812 et,
373 1775 480 1811 forma
499 1777 627 1806 Coronoe
648 1780 836 1817 remanente,
850 1780 935 1808 stant
951 1779 981 1808 in
1003 1779 1066 1808 loco
1081 1777 1132 1817 qui
1147 1777 1262 1807 medius
1278 1780 1322 1807 est
1338 1777 1508 1808 insistentis
1520 1787 1615 1819 genu,
1630 1780 1662 1809 et

210 1818 377 1848 tractantis
390 1821 571 1858 serpentem.

251 1869 306 1891 111.
331 1861 456 1891 Interea
471 1861 621 1892 Daedalus
635 1871 744 1892 exosus
763 1862 876 1892 Creten
901 1865 932 1893 et
959 1862 1083 1901 longum
1106 1862 1246 1901 exilium,
1271 1864 1302 1893 et
1317 1862 1426 1892 ductus
1451 1872 1553 1893 amore
1567 1865 1661 1894 terroe

817 1944 1047 1955 maome-eff

214 1999 360 2039 quinque
377 2002 460 2030 vett.
479 1999 613 2029 deseruit
629 2000 795 2034 assumsit,
812 2004 849 2030 ut
865 2000 908 2030 sit
926 1999 1093 2030 Ovidiana
1109 1999 1387 2038 repetitio.—l77
1403 2000 1500 2029 Voss.
1515 1998 1607 2029 Meu.
1625 2003 1660 2030 ct

212 2041 279 2071 duo
295 2041 362 2078 alii,
376 2041 462 2072 Edd.
479 2042 610 2081 Gryph.
627 2048 661 2072 et
678 2042 751 2072 aliae
768 2042 996 2081 Amplexusque
1012 2044 1161 2072 et.—l79
1183 2041 1309 2081 Sprotii
1325 2041 1409 2072 Cod.
1434 2041 1581 2080 Imposuit
1593 2043 1660 2072 coel.

211 2086 316 2113 —180
343 2083 423 2113 Lov.
439 2088 474 2113 et
490 2093 573 2114 unus
590 2084 684 2115 Med.
702 2093 814 2123 gemm.
832 2085 965 2120 rutilas,-
988 2084 1137 2113 nonnulli
1161 2093 1235 2113 cum
1261 2084 1407 2114 Berolin.
1425 2083 1660 2114 nitidam-182

213 2124 297 2165 Arg.
324 2129 360 2155 et
376 2125 635 2165 Mor.fle;rz‘que;
658 2126 806 2167 quinque
822 2126 951 2165 nisique.
989 2126 1083 2156 Leid.
1100 2131 1136 2156 et
1159 2126 1242 2156 alius
1258 2126 1374 2157 tuentis
1393 2136 1454 2166 pro
1471 2127 1661 2157 tenenti&—

867 2221 1005 2253 NOTAE

214 2294 347 2325 Baccho
378 2294 546 2334 vitiatam,
579 2306 646 2336 quo
684 2299 838 2336 tempore
867 2296 909 2327 ad
966 2296 1116 2336 byrinthi
1147 2297 1305 2328 tenebras
1334 2297 1546 2329 discussisse.
1605 2298 1660 2329 De

213 2344 331 2375 Minoa
346 2346 513 2385 pervenit,
530 2355 661 2377 coronae
690 2347 799 2386 pretio
820 2347 910 2378 illec-

214 2399 294 2434 tam,
309 2395 442 2436 quidam
456 2396 606 2436 prodidit
629 2397 684 2438 qui
707 2398 910 2438 conscripsit

216 2444 364 2476 Cretica.

258 2496 318 2524 178
352 2494 476 2535 Sidere]
526 2496 659 2526 Corona
694 2502 747 2527 est
778 2497 908 2537 signum

214 2544 333 2574 Bootae
344 2543 387 2573 ab
399 2545 536 2575 humero
553 2545 688 2576 sinistro
707 2547 909 2586 proximum,

214 2604 336 2625 novem
353 2594 386 2625 in
403 2595 517 2625 orbem
535 2595 708 2635 dispositis
731 2597 837 2627 stellis
864 2599 910 2627 ln-

215 2644 337 2673 cidum.
383 2644 480 2674 Illam
503 2654 582 2675 vero
599 2646 723 2676 dicitur
739 2647 910 2678 Vulcanus

215 2704 257 2724 ex
274 2704 356 2725 auro
369 2700 405 2726 et
421 2696 560 2735 gemmis
577 2696 702 2728 Indicis
715 2697 912 2738 fabricasse,

217 2754 356 2784 quarum
372 2745 552 2786 splendore
565 2745 690 2778 dicitur
705 2748 852 2779 Theseus
868 2748 913 2779 la·

966 2356 1029 2387 qua
1046 2347 1111 2377 alia
1127 2346 1181 2376 ulii
1197 2347 1417 2386 scripserunt.

1007 2397 1138 2436 Fronte]
1176 2396 1355 2437 Ariadnes,
1379 2397 1525 2437 scilicet,
1555 2397 1609 2428 cui
1640 2407 1660 2428 a

965 2449 1099 2480 Baccho
1116 2449 1203 2480 data.

1007 2503 1068 2530 182
1094 2499 1171 2538 Qui]
1207 2500 1328 2538 Locus,
1356 2499 1500 2538 scilicet,
1530 2500 1563 2531 in
1593 2510 1660 2540 quo

964 2550 1096 2580 Corona
1126 2554 1190 2588 est,
1217 2550 1306 2581 iuter
1339 2549 1520 2580 Herculem
1545 2554 1580 2581 et
1611 2550 1660 2582 0-

965 2600 1158 2640 phiuchum.

1009 2651 1107 2690 Nixi]
1144 2652 1199 2681 De
1230 2651 1378 2682 Hercule
1408 2651 1574 2692 loquitur,
1603 2650 1660 2692 qui

965 2700 1108 2731 dextero
1135 2711 1223 2741 genu
1240 2702 1338 2732 nixus
1365 2701 1399 2732 in
1427 2702 1512 2733 coelo
1537 2696 1660 2742 figur-³²⁴

966 2755 1031 2792 tur,
1048 2752 1227 2784 draconem
1243 2752 1471 2794 Hesperidum
1485 2751 1658 2784 custodem
