1831 3023
153 264 268 306 1532
641 279 682 308 P.
715 276 873 306 ovion
903 277 1117 311 insonis

155 371 387 412 Haemonii
406 384 610 425 proceres
632 372 839 423 aderant3
872 371 1105 415 aderamus
1127 376 1169 416 et
1188 373 1300 428 ipsi:

155 437 376 492 Festaque
398 439 585 480 confusa
603 439 838 480 resonabat
858 440 975 491 regia
995 442 1133 483 turba.

155 504 273 546 Ecce
294 496 454 546 canunt
474 506 750 558 Hymenaeon
767 518 776 546 ε
807 509 849 546 et
869 507 1043 558 ignibus
1063 509 1172 549 atria
1191 507 1383 551 fumant:
1520 507 1606 548 215

155 571 395 625 Cinctaque
417 572 538 612 adest
558 572 677 624 virgo
696 576 883 613 matrum
903 586 1179 629 nuruumque
1202 581 1393 625 caterva,

154 638 394 690 Praesignis
412 637 538 679 facie.
600 638 793 680 Felicem
813 639 1006 682 diximus
1026 643 1104 684 illa

155 705 353 758 Conjuge
375 705 617 746 Pirithoum
637 719 646 747 :
679 707 793 760 quod
817 720 942 761 paene
963 708 1192 750 fefellimus
1214 722 1352 760 omen.

155 772 274 813 Nam
294 772 391 821 tibi,
414 785 630 813 saevorum
650 773 899 815 saevissime
921 774 1238 818 Centaurorum

154 838 332 892 Euryte,
355 852 487 892 quam
508 841 610 880 vino
629 844 803 893 pectus,
825 845 912 880 tam
934 844 1096 893 virgine
1117 845 1214 884 visa
1523 842 1609 884 220

155 905 311 947 Ardet:
342 910 385 947 et
406 908 598 948 ebrietas
620 908 838 959 geminata
859 907 1042 949 libidine
1063 913 1226 961 regnat.

152 972 358 1014 Protinus
381 987 546 1015 eversae
569 976 746 1016 turbant
766 975 974 1016 convivia
1000 989 1191 1017 mensae:

155 1039 462 1095 Raptaturque
483 1043 621 1082 comis
642 1055 719 1095 per
739 1042 826 1082 vim
847 1055 961 1082 nova
980 1047 1117 1095 nupta
1137 1042 1373 1096 prehensis.

153 1106 345 1162 Eurytus
369 1108 699 1162 Hippodamen,
722 1109 812 1159 alii,
834 1123 967 1163 quam
988 1111 1168 1163 quisque
1188 1110 1438 1163 probaram,

153 1173 246 1215 Aut
265 1180 480 1229 poterant,
502 1177 678 1230 rapiunt
695 1191 703 1218 :
737 1180 969 1231 captaeque
988 1182 1080 1218 erat
1099 1178 1218 1218 urbis
1240 1177 1400 1230 imago.
1523 1174 1610 1218 225

155 1241 386 1285 Foemineo
408 1244 596 1285 clamore
618 1250 747 1285 sonat
765 1245 936 1286 domus.
999 1245 1149 1299 Ocyus
1171 1258 1321 1285 omnes

154 1308 402 1363 Surgimus:
435 1316 481 1352 et
498 1313 679 1365 primus,
702 1312 818 1362 Quae
843 1317 886 1352 te
905 1312 1127 1361 vecordia,
1149 1311 1363 1362 Theseus,

153 1374 333 1430 Euryte,
355 1379 517 1432 pulsat,
538 1379 621 1431 ait3
654 1379 744 1432 qui,
767 1392 835 1420 me
855 1379 1046 1430 vivente,
1066 1380 1267 1421 lacessas

152 1527 320 1559 arboribus.
368 1529 505 1560 Thessali
527 1530 683 1570 principes
708 1531 865 1568 coierant;
887 1542 941 1563 nos
964 1542 1079 1573 quoque
1103 1533 1286 1564 aderamus:
1319 1535 1411 1572 atque
1432 1531 1502 1562 aula
1519 1529 1607 1569 festa

147 1571 334 1611 personabat
349 1571 475 1609 confusa
491 1573 595 1603 turba.
642 1574 722 1604 Ecce
734 1577 861 1605 cantant
873 1575 1100 1615 Hymenoeum;
1123 1578 1214 1615 atque
1229 1575 1314 1606 atria
1319 1575 1448 1613 fumant
1460 1573 1586 1613 ignibus
1596 1583 1607 1603 .-

152 1616 183 1643 et
196 1613 298 1652 puella
312 1614 401 1644 vultu
415 1614 622 1654 pulcherrima
637 1618 755 1646 accedit
777 1617 893 1656 stipata
907 1617 999 1648 turba
1015 1621 1225 1648 matronarum
1240 1621 1270 1648 et
1293 1617 1477 1657 puellarum.
1523 1616 1607 1646 Bea-

153 1658 219 1685 tum
245 1657 483 1695 pra-dicavimus
510 1657 690 1688 Pirithoum
719 1659 772 1688 illa
801 1668 915 1688 uxore.-
951 1662 1031 1698 quod
1060 1660 1248 1699 proesagium
1272 1669 1366 1699 prope
1387 1658 1505 1696 falsum
1525 1657 1608 1695 fuit.

152 1698 294 1737 Namque
311 1699 446 1738 Euryte,
471 1699 678 1730 crudelissime
701 1701 869 1730 crudelium
891 1701 1127 1739 Centaurorum,
1152 1705 1217 1731 tam
1242 1701 1300 1731 tibi
1324 1710 1374 1731 cor
1389 1700 1492 1730 uritur
1504 1699 1609 1739 puella

151 1743 310 1778 conspecta
331 1750 422 1779 quam
439 1750 520 1770 mero
533 1750 544 1776 ‚·
566 1744 597 1771 et
619 1742 750 1772 ebrietas
776 1743 935 1782 duplicata
957 1743 1085 1773 libidine
1112 1743 1274 1782 imperium
1301 1746 1395 1773 tenet.
1453 1741 1608 1772 Continuo

152 1791 261 1812 mensoe
273 1781 532 1819 dejectoefoedant
555 1784 695 1814 convitia
707 1795 718 1821 ;
741 1788 833 1824 atque
854 1795 959 1816 recens
985 1789 1082 1825 nupta
1105 1785 1242 1816 trahitur
1260 1794 1317 1825 per
1331 1784 1394 1815 vim
1409 1783 1529 1824 capillis
1542 1793 1608 1814 cor-

151 1824 261 1864 reptis.
307 1824 451 1865 Eurytus
466 1826 548 1856 tollit
569 1826 803 1866 Hippodamen,
819 1827 875 1858 alii
890 1837 980 1868 quam
1003 1828 1129 1868 quisque
1153 1829 1363 1868 laudaverant,
1388 1830 1443 1858 aut
1464 1828 1622 1867 poterant

153 1875 273 1906 rapere
287 1876 294 1896 ε
318 1870 408 1907 utque
423 1871 491 1898 erat
505 1868 620 1908 species
635 1869 720 1900 urbis
733 1869 874 1910 direptoe.
918 1871 1039 1901 Domus
1058 1874 1201 1912 personat
1215 1870 1383 1901 ululatibus
1397 1869 1606 1901 muliebribus,

155 1908 327 1947 Confestim
342 1920 443 1941 omnes
465 1911 660 1952 exsurgimus
670 1923 682 1951 ,-
705 1915 796 1953 atque
811 1913 898 1953 prior
917 1913 1060 1953 Theseus,
1084 1914 1174 1955 Quoe,
1187 1913 1300 1954 inquit,
1316 1912 1438 1944 vesania
1451 1915 1482 1943 te
1503 1915 1609 1953 urget,

760 2007 995 2020 uoomeme

151 2081 392 2113 colebat.——2l4·
413 2082 508 2114 Med.
522 2084 706 2115 resonabant
721 2086 815 2116 atria.
841 2085 949 2118 Gron.
964 2086 1054 2125 regia
1067 2087 1286 2115 mensa—216
1309 2083 1391 2123 Arg.
1414 2086 1450 2113 et
1465 2082 1531 2113 duo
1549 2080 1606 2112 alii

155 2124 450 2165 Comtuque.Vulg.
480 2129 646 2167 matrumq.
666 2137 805 2167 nurumq.
840 2128 991 2168 quidam,
1025 2130 1219 2167 matrumque
1247 2127 1413 2165 virumque.
1440 2124 1535 2155 Med.
1567 2128 1604 2155 et

151 2175 236 2196 unus
253 2166 373 2196 Heius.
396 2168 512 2206 etiam,
524 2172 751 2200 camna—21⁷
774 2171 869 2201 Unus
885 2169 1118 2208 Med.faciem‚
1135 2169 1225 2209 quod
1242 2168 1338 2198 valde
1354 2168 1468 2207 placet
1483 2167 1604 2198 Heius.

151 2209 257 2238 —218
269 2207 384 2239 Burm.
399 2210 528 2248 mallet,
539 2221 629 2250 quam
637 2211 904 2251 poenefefeltimus
916 2211 1026 2242 omen!
1051 2217 1087 2242 et
1104 2210 1275 2241 includere
1289 2209 1604 2250 parenthesi.—-219

152 2249 248 2280 Med.
272 2250 447 2280 semivirum
465 2253 639 2284 saevissirne.
663 2253 782 2283 Heius.
796 2253 939 2293 putabat
952 2252 1144 2294 aliquando,
1157 2252 1401 2292 semihominum,
1417 2257 1455 2283 nt
1472 2261 1518 2282 VS.
1528 2253 1604 2282 536.

151 2294 258 2322 —220
276 2292 434 2330 Plurimi,
455 2296 520 2324 tam
541 2294 611 2324 vino
631 2297 747 2334 pectus,
770 2298 846 2326 tam.
884 2296 931 2326 Et
951 2305 1040 2336 saepe
1064 2295 1240 2335 transponi
1262 2296 1321 2325 has
1342 2298 1457 2325 monet
1481 2293 1605 2334 partic.

152 2334 373 2366 Burm.—22l
399 2335 506 2366 Gron.
532 2336 595 2367 ebr.
623 2337 783 2368 stimulata
810 2337 862 2368 lib.
887 2339 967 2369 Duo
996 2339 1099 2369 etiam
1123 2337 1201 2368 libri
1223 2337 1389 2377 cupuline;
1418 2342 1454 2368 et
1475 2336 1603 2377 Sprotii

151 2377 261 2407 crescit
297 2386 359 2416 pro
389 2381 618 2416 regma—223
651 2380 745 2410 Unus
773 2380 894 2411 Heius.
922 2391 978 2420 per
1000 2381 1124 2411 humum
1154 2390 1222 2411 nov.
1267 2380 1343 2410 Duo
1374 2390 1442 2410 nov.
1473 2387 1604 2419 sponsa.-

152 2418 229 2450 ‹lein
256 2423 326 2450 tres
359 2421 632 2461 reprensus—224
663 2422 841 2453 Probarunt
867 2423 1001 2454 emend.
1028 2423 1147 2455 Heius.
1184 2423 1272 2463 vulg.
1302 2421 1471 2463 probabat:
1503 2420 1602 2452 multi

807 2528 946 2560 NOTAE

195 2602 256 2630 215
282 2599 489 2641 Hymenoeon]
523 2602 686 2642 Nuptiale
712 2613 847 2634 carmen
945 2607 1006 2635 221
1027 2603 1208 2642 Geminata]
1232 2603 1321 2634 Nam
1337 2601 1473 2632 Baccho
1487 2600 1603 2633 etVe-

151 2649 434 2692 frequentabant:
460 2652 752 2695 Hymenaeumque
768 2663 849 2695 nup·
903 2663 984 2684 nere
1015 2653 1184 2683 inebriati.
1243 2653 1328 2685 Quae
1365 2652 1431 2682 duo
1464 2649 1603 2683 numina

152 2700 274 2731 tiarum
293 2701 400 2731 Deum
418 2701 648 2734 celebrabant.
903 2709 1065 2745 quantum
1082 2705 1246 2744 prodesse
1261 2703 1390 2744 possint
1401 2701 1604 2743 hominibus,

194 2750 340 2791 Ignibus]
366 2752 432 2783 Qui
449 2752 514 2782 aris
531 2752 685 2784 adhibiti.
903 2756 958 2797 qui
981 2756 1039 2787 illa
1060 2755 1263 2797 suspiciunt,
1279 2756 1334 2787 vel
1348 2765 1391 2787 ex
1407 2755 1468 2786 hac
1485 2753 1600 2786 fabula

193 2803 256 2831 218
279 2800 475 2841 Fesellimus]
500 2802 648 2843 Propter
661 2807 769 2837 ortam
785 2803 849 2835 rix·
902 2805 1022 2847 liquet.

152 2860 204 2882 am
222 2849 345 2882 deinde
361 2855 397 2882 et
412 2860 571 2893 pugnam.
