1831 3023
198 185 312 227 1312
687 199 726 229 e.
759 198 916 229 ovlnu
952 197 1165 230 NAsouls

198 289 524 347 Victricemque
545 296 697 347 petunt
717 293 882 334 dextrae
905 293 1164 347 conjungere
1186 293 1382 335 dextram
1396 309 1409 336 :

198 358 525 413 Immanemque
545 360 696 410 ferum,
727 361 862 401 multa
885 361 1033 401 tellure
1047 362 1282 414 jacentem,

198 425 408 467 Mirantes
431 431 649 480 spectant:
680 439 820 479 neque
848 427 990 466 adhuc
1013 429 1263 480 contingere
1285 431 1424 469 tutum

197 493 308 534 Esse
332 490 506 547 putant:
538 494 615 533 sed
637 494 724 533 tela
745 497 888 533 tamen
911 506 990 533 sua
1011 496 1194 548 quisque
1213 497 1451 536 cruentant.
1477 542 1480 545 ,

197 560 300 614 Ipse
320 562 428 614 pede
449 559 653 612 imposito
672 564 804 612 caput
821 561 1045 601 exitiabile
1065 565 1226 615 pressit
1243 577 1252 604 ε
1567 561 1653 603 425

197 627 345 681 Atque
364 628 442 676 ita,
471 626 606 666 Sume
626 625 712 665 mei
733 625 938 678 spolium,
962 627 1200 679 Nonacria,
1218 629 1348 682 juris,

197 695 354 736 Dixit:
387 698 428 734 et
449 694 492 733 in
513 696 679 745 partem
700 693 846 733 veniat
865 693 970 734 mihi
992 695 1129 746 gloria
1149 701 1306 738 tecum.

197 762 403 802 Protinus
424 760 629 808 exuvias,
653 759 800 812 rigidis
820 761 1036 802 horrentia
1057 763 1162 803 setis

196 829 359 881 Terga,
379 828 465 876 dat,
487 830 528 867 et
547 827 713 878 magnis
733 827 923 880 insignia
943 828 1144 870 dentibus
1166 843 1259 871 ora.

196 896 271 938 Illi
290 896 454 936 laetitiae
478 898 543 935 est
563 906 664 933 cum
684 908 861 935 munere
881 896 1072 936 muneris
1092 884 1269 939 auctor.
1568 894 1652 936 430

197 962 401 1004 Invidere
423 961 523 1011 alii3
555 964 739 1014 totoque
759 966 854 1002 erat
874 963 1042 1015 agmine
1063 976 1269 1004 murmur.

198 1029 236 1069 E
258 1030 430 1082 quibus,
452 1027 614 1080 ingenti
636 1027 857 1069 tendentes
879 1029 1059 1070 brachia
1079 1043 1204 1080 voce,

196 1095 320 1136 Pone
342 1108 435 1148 age,
457 1107 537 1135 nec
559 1094 707 1135 titulos
727 1096 954 1149 intercipe,
974 1097 1172 1146 foemina,
1195 1101 1380 1146 nostros,

193 1162 447 1204 Thestiadae
469 1162 686 1202 clamant:
718 1174 802 1202 neu
824 1166 865 1202 te
884 1162 1051 1203 fiducia
1078 1164 1227 1204 formae

197 1230 428 1282 Decipiat3
459 1229 670 1282 longeque
691 1233 766 1269 tuo
788 1228 845 1269 sit
872 1233 1028 1282 captus
1048 1242 1196 1270 amore
1570 1229 1656 1271 4:35

196 1296 392 1337 Auctor:
425 1299 467 1336 et
484 1296 585 1336 huic
608 1295 806 1336 adimunt
825 1308 998 1345 munus,
1014 1296 1090 1350 jus
1112 1296 1302 1337 muneris
1319 1296 1400 1338 illi.

198 1363 305 1404 Non
325 1363 441 1414 tulit3
473 1367 517 1403 et
537 1361 706 1402 tumida
724 1361 924 1401 frendens
946 1361 1192 1402 Mavortius
1213 1363 1291 1412 ira,

198 1480 341 1510 dextram
356 1487 424 1508 cum
446 1478 558 1508 dextra
584 1477 730 1508 victrice:
754 1481 784 1508 et
799 1480 957 1518 stupentes
980 1478 1140 1509 intuentur
1167 1479 1325 1519 ingentem
1349 1488 1456 1519 aprum
1479 1481 1654 1519 porrectum

200 1525 283 1552 msto
297 1521 419 1561 spatio:
440 1530 535 1559 neque
550 1520 745 1551 arbitrantur
760 1521 860 1550 adhuc
879 1531 982 1551 secure
998 1522 1088 1560 tangi
1101 1531 1187 1562 posse
1197 1533 1207 1553 .·
1230 1523 1281 1552 sed
1297 1525 1399 1552 tamen
1413 1521 1532 1560 singuli
1545 1530 1654 1552 cruore

192 1563 339 1604 *inficiunt
352 1573 407 1594 sua
421 1563 536 1601 jacula.
583 1563 652 1602 Ipse
674 1563 753 1592 ursit
777 1566 866 1603 caput
882 1564 1064 1594 horrendum
1088 1566 1163 1603 pede
1187 1564 1338 1604 imposito,
1353 1567 1442 1603 atque
1456 1564 1513 1603 ita,
1527 1564 1653 1603 Accipe,

198 1605 311 1646 inquit,
332 1605 499 1644 Nonacria,
523 1607 650 1635 exui-ias
665 1605 724 1635 mei
739 1605 837 1643 juris,
862 1609 892 1635 et
916 1606 993 1636 mihi
1018 1606 1059 1636 sil
1081 1607 1147 1637 laus
1162 1607 1328 1637 communis
1343 1610 1454 1637 tecum.
1501 1607 1653 1637 Continuo

194 1648 332 1688 porrigit
348 1651 473 1686 tergora
488 1647 586 1686 spolia
601 1647 737 1685 rigentia
754 1647 827 1677 setis
841 1648 989 1686 horridis,
1005 1651 1035 1678 et
1049 1651 1141 1687 caput
1156 1649 1349 1688 conspicuum
1363 1648 1486 1686 magnis
1499 1648 1653 1679 dentibus.

198 1691 319 1720 Auctor
335 1690 405 1719 doni
420 1689 468 1719 illi
478 1692 590 1726 gratus
612 1692 657 1718 est
673 1698 740 1718 cum
754 1690 841 1719 dono.
889 1690 993 1720 Ceteri
1017 1690 1111 1720 lit-ore
1126 1691 1203 1721 tacti
1218 1694 1302 1728 sunt,
1320 1693 1351 1721 et
1366 1699 1504 1720 murmur
1518 1693 1586 1720 erat
1598 1699 1655 1729 per

198 1735 297 1762 totum
311 1735 430 1762 coetum.
455 1732 485 1761 Ε
500 1730 609 1770 quibus
628 1731 801 1761 Thestiadae
811 1732 1009 1771 porrigentes
1025 1732 1148 1763 brachia
1164 1743 1230 1762 cum
1242 1742 1354 1771 magno
1364 1732 1507 1770 clamore,
1522 1731 1655 1772 Omitte,

198 1783 267 1813 age,
279 1774 400 1811 mulier,
416 1783 511 1812 neque
522 1773 657 1813 proeripe
670 1776 805 1803 nostram
814 1774 951 1811 gloriam
960 1786 970 1804 .-
987 1784 1060 1804 nere
1071 1774 1256 1815 confidentia
1267 1774 1512 1814 pulchritudinis
1526 1774 1584 1804 tibi
1598 1774 1656 1805 im-

195 1819 314 1856 ponam
336 1819 366 1846 et
382 1819 488 1846 auctor
511 1817 658 1846 muneris
674 1819 775 1845 tactus
791 1819 841 1846 tuo
858 1826 960 1847 amore
973 1817 1077 1856 procul
1093 1821 1154 1848 eut.
1200 1817 1303 1857 Atque
1317 1817 1387 1847 huic
1402 1817 1516 1847 tollunt
1531 1817 1655 1857 donum,

199 1862 228 1890 et
246 1859 302 1897 jus
317 1858 393 1889 illud
408 1857 559 1899 afferendi
576 1858 634 1889 illi.
685 1858 743 1888 Vir
762 1857 917 1889 bellicosus
932 1869 992 1890 non
1017 1869 1124 1899 passus
1149 1863 1206 1900 est,
1234 1863 1263 1890 et
1283 1859 1421 1899 fremens
1443 1859 1493 1890 ira
1513 1860 1652 1899 ardente,

810 1944 1042 1955 ‘mortona-N

199 1998 258 2026 421
288 1997 480 2036 conjungere
495 2007 536 2028 ex
554 2007 620 2028 uno
637 1997 782 2036 Ciofani,
804 1997 936 2028 Briant.
961 1997 1124 2037 aliisque:
1149 1997 1247 2037 Vulg.
1272 1997 1570 2035 contingere—422
1593 1995 1654 2026 Fe-

200 2048 268 2068 rum
284 2039 404 2071 Heius.
422 2039 517 2070 dedit
533 2050 575 2070 ex
601 2041 648 2070 Fl.
663 2042 698 2070 S.
715 2041 836 2078 Marci,
859 2045 894 2069 et
910 2039 989 2069 Lov.
1007 2039 1189 2076 alliserant.
1235 2040 1341 2078 Lang.
1363 2039 1463 2069 media
1480 2038 1651 2069 teli—424

199 2080 259 2111 Pr.
275 2080 352 2110 Bas.
369 2089 404 2112 et
418 2082 564 2122 quinque
580 2083 634 2112 alii
650 2085 832 2118 cruentant;
858 2081 946 2120 vulg.
964 2084 1220 2111 cruentat.——4·25
1244 2082 1340 2112 Unus
1354 2081 1430 2111 Bas.
1446 2089 1513 2120 cap.
1525 2089 1649 2111 execra-

199 2122 378 2153 bila—426
401 2124 499 2154 Cant.
525 2124 619 2154 Sume
642 2124 720 2159 tibi,·
738 2133 822 2154 unus
839 2123 935 2153 Leid.
952 2123 1117 2154 tui.-—427
1142 2123 1228 2153 Mihi
1243 2133 1284 2154 ex
1302 2133 1351 2163 pr.
1364 2123 1406 2153 V.
1422 2127 1457 2152 et
1472 2131 1537 2153 uno
1555 2122 1652 2154 Voss.

199 2165 289 2204 vulg.
302 2168 488 2196 mem—430
512 2166 662 2196 Berolin.
686 2167 736 2196 Ill.
752 2165 984 2196 laetitia—434
1009 2164 1173 2196 Heidelb.
1190 2175 1226 2195 ne
1241 2168 1388 2196 tex—435
1414 2164 1534 2195 Heius,
1551 2164 1650 2195 dedit

200 2208 347 2246 longeque
363 2211 415 2238 tuo
429 2208 471 2238 sit
486 2218 527 2237 ex
545 2218 609 2238 uno
625 2208 698 2238 Pal.
715 2213 749 2238 et
767 2208 895 2246 Fragm.
912 2206 1001 2237 Mor.
1017 2207 1107 2247 vulg.
1123 2217 1160 2238 ne
1171 2208 1213 2237 sit
1225 2209 1312 2247 longe
1324 2207 1399 2238 tibi.-
1415 2207 1466 2238 Fi.
1480 2208 1512 2239 S.
1524 2206 1650 2245 Marci,

199 2249 368 2289 Bernegg.
385 2260 437 2290 pr.
455 2255 535 2281 tert.
559 2255 593 2280 et
620 2254 731 2290 quart.
755 2249 850 2281 Med.
866 2248 997 2280 Arund.
1021 2254 1054 2279 et
1073 2250 1129 2280 alii
1146 2251 1237 2289 longo
1252 2250 1330 2281 tibi.-
1354 2249 1504 2280 Berolin.
1527 2258 1586 2280 neu
1607 2249 1648 2280 sit

200 2292 288 2331 longo
299 2293 367 2323 tibi.
406 2292 525 2324 Heius.
541 2293 642 2323 etiam
657 2292 748 2332 conj.
764 2293 882 2331 longeq.
898 2291 1067 2323 tui.-437
1092 2292 1194 2323 Liber
1217 2292 1386 2323 Dominio.
1413 2297 1449 2323 et
1471 2291 1570 2323 multi
1594 2292 1651 2323 alii

855 2376 992 2408 NOTAE

239 2442 303 2471 426
328 2441 500 2480 Nonacria]
524 2440 895 2479 Atalanta‚aNonae1·i
991 2442 1054 2472 434
1081 2441 1268 2482 Tltesliadoe]
1303 2440 1492 2481 Plexippus
1516 2442 1551 2472 et
1564 2440 1650 2471 Tox-

163 2490 165 2493 “
202 2490 356 2522 Arcadiae
381 2497 508 2529 monte,
523 2492 633 2533 Stygis
646 2502 731 2533 aqua
748 2490 895 2532 frigidis·
950 2499 1024 2530 eus,
1035 2491 1168 2522 Thestii
1184 2491 1259 2531 filii,
1274 2491 1442 2530 Meleagri
1459 2491 1628 2522 avunculi.

199 2541 283 2571 sima
298 2539 532 2581 famosissimo,
549 2542 596 2572 sic
612 2542 712 2573 dicta.
991 2544 1052 2572 435
1078 2542 1197 2584 Longe]
1227 2543 1276 2573 Ut
1300 2541 1466 2582 ejusmodi
1492 2545 1529 2572 te
1550 2541 1650 2573 deco-

239 2591 331 2621 Juris
345 2591 418 2630 mei]
450 2593 536 2623 Quia
552 2601 669 2631 apruni
685 2591 868 2622 occiderat.
950 2592 1045 2623 randi
1057 2603 1194 2625 munere
1204 2594 1380 2633 Meleagro
1394 2597 1452 2623 tuo
1463 2592 1594 2633 necjus
1604 2593 1651 2625 sit

240 2643 304 2672 429
318 2641 431 2682 Terga]
445 2643 593 2682 'rm-gora
605 2652 662 2672 seu
676 2642 798 2682 pellem
809 2641 894 2682 apri,
949 2651 1011 2673 nec
1025 2643 1137 2675 liceat.

199 2700 265 2721 una
291 2700 366 2721 cum
397 2692 524 2732 capite,
551 2691 738 2733 Atalantae,
761 2692 895 2724 honoris
991 2694 1053 2723 437
1078 2693 1268 2733 Mavortius]
1307 2693 1508 2731 Bella-osus,
1524 2691 1579 2723 vel
1605 2701 1648 2723 ex

199 2749 309 2783 eausa,
323 2742 499 2784 Meleager
515 2741 668 2774 tradidit.
949 2743 1063 2775 Marte
1073 2743 1208 2785 genitus
1219 2755 1228 2783 ;
1238 2743 1403 2786 siquidem
1412 2740 1648 2776 unaeteadem
