1831 3023
193 215 306 258 1356

675 230 716 264 P.
750 230 906 263 ovmu
939 225 1149 265 NAsole

192 321 349 365 Victor
370 325 425 366 ab
447 325 655 368 OEchalia
675 326 836 370 Cenaeo
856 340 982 369 sacra
1001 331 1185 383 parabat

192 386 316 430 Vota
333 390 363 431 J
367 392 457 443 ovi,
477 406 575 434 cum
597 393 738 435 Fama
755 394 924 447 loquax
940 397 1170 447 praecessit
1189 395 1244 436 ad
1266 407 1410 447 aures,

192 456 419 508 Deianira,
441 464 553 509 tuas,
573 458 693 512 (quae
715 461 830 500 veris
851 461 1010 502 addere
1031 463 1142 504 falsa

194 523 387 574 Gaudet,
409 531 451 565 et
469 539 492 564 e
512 525 693 565 minimo
716 538 797 566 sua
817 540 895 578 per
914 529 1142 571 mendacia
1163 529 1343 583 crescit)

195 588 620 643 Amphitryoniaden
639 589 756 630 Ioles
776 591 927 632 ardore
947 597 1097 638 teneri.

1557 593 1642 634 140

195 655 346 697 Credit
366 669 542 697 amans:
574 655 848 711 Venerisque
869 672 997 702 novae
1019 665 1243 715 perterrita
1262 664 1380 705 fama

194 722 388 762 Indulsit
406 724 545 776 primo
562 723 794 778 lacrymis3
825 725 1055 780 flendoque
1075 729 1268 771 dolorem

196 788 383 830 Diffudit
403 790 651 831 miseranda
672 804 821 833 suum:
852 806 958 834 mox
979 793 1149 845 deinde,
1172 796 1292 846 Quid
1313 800 1462 838 autem

197 855 392 907 Flemus,
414 857 473 898 ait
488 858 521 906 ἲ
538 858 690 911 pellex
708 860 916 916 lacrymis
935 862 1156 903 laetabitur
1174 864 1296 904 istist

196 1002 269 1028 rant
282 1008 338 1038 per
353 999 465 1039 orbem,
491 1001 571 1032 sicut
585 1005 617 1032 et
632 1003 735 1034 odium
750 1014 894 1036 norercoe.
939 1006 1085 1036 Domitor
1112 1005 1264 1036 OEckaliae
1286 1004 1455 1036 adornabat
1475 1013 1563 1039 saera
1576 1012 1649 1044 pro·-

198 1042 290 1072 missa
305 1042 379 1072 Jovz'
397 1043 518 1082 Cenaeo,
544 1055 610 1075 cum
627 1046 726 1077 Fama
738 1049 878 1086 garrula,
894 1057 961 1088 qua>
976 1051 1060 1078 amat
1076 1048 1208 1086 adjicere
1214 1048 1296 1089 ficta
1312 1047 1404 1085 veris,
1421 1050 1450 1077 et
1466 1057 1505 1077 ex
1517 1047 1649 1086 parvula

197 1087 329 1121 augetur
341 1093 398 1124 per
411 1095 467 1116 sua
489 1088 657 1127 mendacia,
672 1090 828 1120 antevenit
843 1091 883 1121 ad
909 1100 998 1121 aures
1019 1094 1100 1129 tuas,
1124 1100 1143 1120 ο
1170 1090 1334 1128 Deianira,
1348 1088 1649 1128 Amphitryoniaden

195 1129 369 1165 correptam
395 1137 459 1158 esse
484 1138 587 1160 amore
615 1130 705 1162 Ioles.
749 1132 868 1163 Amans
883 1132 983 1173 fidem
1008 1132 1161 1171 adhibuit,
1185 1135 1276 1171 atque
1298 1132 1452 1162 exterrita
1467 1130 1559 1168 fama
1579 1130 1650 1160 novi

196 1168 322 1207 amoris,
341 1169 442 1209 primo
467 1173 620 1203 convertit
635 1183 667 1204 se
682 1175 723 1204 ad
745 1175 907 1215 lacrymas,
925 1178 1015 1214 atque
1040 1174 1223 1205 miserabilis
1247 1174 1359 1204 minuit
1373 1173 1550 1203 moestz'tiam
1562 1181 1651 1203 suam

196 1211 391 1250 lacrymando
403 1224 413 1244 .·
434 1223 506 1244 mox
521 1215 642 1256 deinde,
657 1216 861 1251 Quamobrem
875 1226 959 1257 vere,
974 1217 1086 1257 inquit,
1099 1217 1250 1257 lacrymas
1262 1213 1489 1256 diffundimus?
1511 1215 1651 1246 adultera

807 1315 923 1326 ιιιιιι

925 1315 1041 1326 ‘‘‘‘‘‘

201 1381 253 1410 vel
271 1381 371 1420 vetiti,
387 1383 441 1413 vel
457 1384 674 1424 tepidi.—137
699 1386 803 1417 Multi
818 1387 877 1426 loq.
892 1386 1057 1426 pervenit;
1079 1386 1163 1427 Arg.
1182 1387 1452 1426 processit.—139
1475 1386 1554 1417 Duo
1568 1386 1651 1417 Mss.

199 1428 335 1453 veteres
354 1428 389 1455 et
403 1426 513 1464 prima
530 1426 609 1456 Aldi
625 1429 677 1457 ed.
694 1428 834 1466 minima,
848 1429 934 1469 quod
952 1428 1070 1459 Heius.
1084 1429 1208 1469 placet.
1253 1429 1411 1459 Alterum
1434 1429 1548 1459 Burm.
1565 1437 1652 1468 prae-

199 1463 279 1503 fert,
296 1470 332 1496 ut
348 1476 403 1506 ap.
420 1467 595 1499 claudian.
614 1478 655 1499 11.
673 1470 768 1500 Eutr.
785 1473 835 1501 34.
880 1471 978 1501 Fama
997 1471 1086 1510 prius
1100 1471 1184 1509 falso
1208 1471 1437 1502 similis—141
1462 1471 1557 1501 Unus
1581 1480 1652 1501 nov.

197 1508 399 1546 praeterrita;
423 1514 493 1540 tres
510 1512 688 1542 conterrita.
735 1512 878 1543 Bothius
894 1522 956 1553 pro
969 1512 1060 1550 fama
1075 1513 1341 1553 malletflamma‚
1365 1513 1445 1554 quia
1460 1513 1557 1543 Fama
1578 1513 1651 1553 jam

198 1555 543 1588 praecesserat—142
567 1554 627 1584 Pr.
643 1554 737 1584 Med.
757 1555 888 1585 Induxit
905 1556 1088 1586 lacr.-—-l43
1113 1555 1232 1586 Heius.
1262 1555 1397 1586 volebat
1422 1554 1557 1593 Defudit
1582 1556 1652 1585 mis.

199 1590 265 1622 dno
285 1593 423 1633 Effudit.
467 1596 549 1625 Tum
566 1596 685 1627 Heins.
702 1596 944 1638 distinguebat,
958 1607 1041 1638 mozr,
1061 1598 1184 1629 Deinde
1204 1598 1300 1637 quid;
1324 1598 1402 1639 quia
1417 1598 1526 1628 deinde
1542 1598 1575 1628 in
1604 1598 1653 1628 in·

853 1700 997 1732 NOTAE

199 1768 466 1812 difficultatibus,
476 1776 510 1803 et
519 1774 701 1806 exantlatis
711 1774 896 1813 laboribus,

197 1821 307 1861 major
320 1822 369 1852 illi
385 1824 618 1855 novercalibus
630 1825 714 1856 odiis
727 1825 833 1866 gloria
844 1834 898 1856 ac-

197 1873 356 1904 creverit.

245 1925 306 1954 136
332 1924 491 1964 OEchnlia]
531 1926 652 1957 Plures
677 1925 773 1958 fuere
795 1926 897 1958 urbes

197 1972 296 2012 hujus
323 1975 485 2005 nominis:
511 1976 727 2016 quamobrem
750 1977 840 2008 iuter
863 1987 898 2008 se

198 2026 351 2054 auctores
368 2024 409 2054 de
428 2034 468 2055 ea
484 2035 584 2066 quam
609 2026 775 2057 Hercules
797 2027 900 2058 diruit

198 2079 266 2101 non
296 2074 520 2105 consentiunt.
577 2076 764 2107 Euboicam
788 2082 899 2107 tamen

199 2119 315 2160 fuisse,
345 2128 381 2152 ut
413 2125 549 2163 scripsit
580 2126 713 2164 Strabo,
741 2127 899 2157 Cenaeum

200 2172 480 2212 promontorium,
525 2174 581 2204 ubi
620 2175 785 2206 Hercules
824 2180 899 2206 vota

200 2221 356 2262 parabat,
368 2222 456 2262 quod
472 2223 505 2252 in
520 2223 661 2261 Euboea,
673 2224 751 2254 mihi
762 2225 899 2265 quidem

200 2281 262 2312 pro
294 2273 341 2303 rei
377 2273 546 2313 dignitate
578 2276 659 2304 satis
690 2276 899 2315 comprobat.

200 2322 300 2353 Illam
331 2333 410 2354 vero
442 2325 556 2354 urbem
585 2324 662 2355 ideo
693 2326 902 2365 expugnavit

201 2371 379 2411 Hercules,
391 2373 477 2412 quod
497 2373 590 2404 Iolen
608 2374 901 2413 praestantiforma

201 2421 317 2460 filiam,
342 2433 440 2462 quam
473 2424 532 2461 illi,
565 2424 620 2464 qui
659 2435 694 2454 se
728 2430 784 2456 aut
814 2425 900 2456 filios

202 2472 386 2511 sagittandi
401 2473 522 2511 peritia
530 2475 899 2513 superasset‚OEchaliae

201 2530 263 2553 rex
277 2523 421 2562 Eurytus
438 2533 592 2562 sponsam
611 2525 822 2564 promiserat,
839 2526 899 2557 sibi

202 2571 324 2602 victori
339 2571 551 2611 denegasset.

248 2621 373 2660 Cenoen]
410 2622 470 2652 Cui
499 2634 517 2653 a
533 2624 656 2654 Cenaeo
671 2625 807 2656 Euboeae
824 2636 899 2666 pro-

203 2673 368 2702 montorio
388 2682 582 2709 cognouwn.

248 2724 310 2752 139
335 2722 515 2762 Meudacia]
556 2724 602 2753 Ut
625 2724 813 2755 stultissimi
834 2725 901 2756 sint

205 2768 399 2804 effoeminati
414 2772 664 2815 homuncione-³,
677 2775 733 2815 qui
738 2775 807 2816 jam
821 2775 901 2807 satis

951 1773 1020 1804 suis
1049 1773 1139 1804 vitiis
1177 1772 1404 1814 vecordiaque
1433 1772 1561 1813 vexati,
1593 1773 1656 1804 sibi

951 1823 1090 1863 insuper
1126 1823 1352 1854 atrocissimos
1388 1823 1446 1864 qui
1485 1827 1655 1864 nunqnam

950 1877 1219 1914 fuerunthostes,
1228 1875 1444 1907 mendacibus
1455 1875 1660 1912 rumoribus,

954 1927 1008 1958 vel
1022 1937 1081 1957 sua
1097 1927 1201 1957 etiam
1218 1926 1410 1966 phantasia,
1425 1931 1612 1958 arcessunt.

998 1979 1058 2007 140
1092 1976 1404 2016 Amphitryoniaden]
1455 1975 1655 2014 Herculem,

955 2026 1012 2066 qui
1042 2024 1298 2064 Amphitryonis
1325 2025 1401 2055 ideo
1423 2024 1533 2055 dictus
1555 2023 1657 2064 filius,

955 2074 1044 2115 quod
1072 2074 1269 2104 Alcmenam
1300 2073 1372 2113 ejus
1399 2078 1556 2113 matrem,
1580 2083 1655 2105 cum

957 2133 1021 2165 qua
1057 2124 1195 2163 Jupiter
1236 2133 1307 2153 rem
1341 2123 1471 2163 habuit,
1503 2123 1657 2155 duxisset

956 2184 1105 2205 uxorem.

998 2226 1057 2254 141
1089 2223 1220 2262 Amans]
1257 2223 1371 2254 Facile
1399 2223 1545 2254 credidit
1578 2226 1657 2265 quia

955 2275 1081 2313 timuit,
1094 2273 1205 2304 timuit
1216 2275 1295 2314 quia
1305 2274 1446 2312 amavit3
1460 2279 1562 2316 atque
1570 2274 1656 2306 adeo

955 2325 1059 2356 amori
1097 2325 1183 2354 male
1220 2324 1370 2354 creditur
1415 2325 1471 2365 qui
1507 2329 1655 2356 mentem

957 2374 1084 2405 turbat.

1004 2424 1140 2463 Veneris]
1151 2422 1325 2462 Amorum,
1335 2423 1455 2464 quibus
1470 2423 1654 2456 Herculem

956 2476 1132 2516 indulgere
1151 2475 1316 2506 audierat.

999 2529 1059 2557 143
1083 2524 1241 2566 Diffndil]
1284 2524 1396 2566 Atque
1413 2524 1498 2555 adeo
1522 2524 1654 2564 minuit,

956 2584 1012 2607 aut
1044 2577 1193 2606 minuere
1224 2575 1294 2605 visa
1323 2578 1393 2613 est3
1424 2584 1499 2604 nam
1521 2578 1558 2604 ut
1580 2573 1655 2614 ipse

955 2627 1047 2656 Naso
1064 2625 1198 2663 alicubi,
1222 2626 1231 2641 ⁴
1248 2623 1359 2654 flendo
1376 2629 1471 2654 certe
1494 2622 1654 2655 diffundi-

955 2685 1026 2706 mus
1045 2677 1145 2708 iram!

998 2730 1059 2757 144
1082 2728 1270 2768 Loetabitur]
1303 2728 1392 2760 Quia
1417 2735 1552 2767 nempe,
1577 2729 1654 2757 utut

956 2779 1073 2812 solatio
1095 2789 1170 2812 esse
1194 2779 1374 2811 videantur
1396 2779 1653 2819 lacrymae,pr0-
