1831 3023
208 240 321 282 1300
693 252 734 282 P.
767 250 923 281 ovmii
958 250 1170 282 NAsoNJs

541 521 658 573 FAiz.
691 519 775 560 IV.
835 518 1121 571 Meleagrides
1141 521 1185 562 in
1205 520 1344 562 Aves.

211 642 343 673 (Lusus
369 638 572 670 Parthaonis
594 637 682 668 filins
698 637 776 679 quia
801 638 834 668 in
861 637 1027 669 sacrificio
1057 639 1284 680 cogendorum
1308 638 1480 670 fructuum
1504 637 1660 669 consulto

254 693 468 735 praeterierat
485 692 651 730 Dianam,
675 701 758 731 aper
772 691 813 722 ab
826 701 866 722 ea
883 691 1001 722 missus
1018 697 1083 730 est,
1096 693 1150 734 qui
1169 692 1366 733 Calydoniae.
1384 700 1481 731 agros
1503 693 1663 722 vastaret.

253 749 504 777 Perseverante
532 746 640 776 OEneo
663 745 697 775 in
727 745 894 785 despectu
920 745 1027 783 Deae3
1060 746 1234 786 Meleager
1255 746 1327 786 ejus
1353 744 1453 783 filius,
1468 743 1665 775 convocatis

253 798 465 839 principibus
483 797 641 836 Graeciae,
665 807 785 837 aprum
803 798 917 828 venari
943 799 1112 837 ingressus
1135 803 1199 830 est.
1259 800 1342 830 Cum
1359 797 1480 838 quibus
1501 795 1665 827 Atalante

252 851 405 883 Sc'noenei
421 850 489 880 filia
506 859 548 880 ex
576 849 728 880 Arcadia
758 849 922 889 digressa,
946 860 1022 890 quae
1046 851 1154 890 prima
1178 860 1294 891 aprum
1311 850 1510 882 vulneravit.
1554 848 1664 888 Cujus

252 906 412 936 virtutem
429 907 464 933 et
480 902 627 942 speciem
645 903 784 934 miratus
801 904 990 944 Meleager,
1006 903 1187 934 interemto
1205 914 1300 944 apro,
1323 904 1462 935 exuvias
1477 903 1508 933 ei
1524 911 1663 934 conces-

254 959 308 998 sit,
335 966 418 997 quas
449 955 652 996 Plexippus,
676 956 820 995 Toxeus,
850 955 1000 996 Agenor,
1024 956 1154 987 Thestii
1181 956 1254 996 filii,
1279 957 1400 997 virgini
1421 960 1559 997 ereptas
1587 964 1665 987 cum

253 1010 393 1042 interitu
410 1007 654 1049 rependerunt.
698 1007 746 1039 At
762 1007 898 1039 Althaea
920 1013 1033 1039 mater
1055 1009 1236 1049 Meleagri,
1252 1014 1288 1040 ut
1304 1008 1447 1040 fratrum
1465 1009 1594 1040 caedem
1610 1017 1665 1039 ac-

254 1063 358 1104 oepit,
372 1062 521 1102 stipitem
548 1060 686 1092 fatalem
705 1061 876 1093 conditum
892 1071 912 1092 a·
934 1062 1066 1102 Parcis,
1090 1062 1124 1092 in
1151 1072 1216 1103 quo
1241 1062 1311 1093 vita
1326 1061 1495 1101 Meleagri
1517 1061 1670 1092 contine-

253 1117 364 1155 batur,
378 1114 514 1146 flamma
537 1114 695 1154 perussit.
752 1115 828 1146 Quo
859 1119 1048 1155 consumto,
1071 1115 1250 1155 Meleager
1274 1115 1445 1146 extinctus
1467 1117 1537 1144 est:
1570 1111 1666 1153 cujus

252 1168 394 1199 interitu
411 1176 556 1205 sorores,
571 1166 658 1197 inter
673 1166 790 1198 fletum
804 1176 976 1198 conversae
994 1167 1028 1198 in
1042 1167 1210 1208 volucres,
1223 1177 1242 1199 e
1254 1166 1370 1198 fratris
1386 1167 1522 1198 nomine
1537 1166 1666 1197 Melea-

259 1221 370 1263 grides
387 1221 681 1261 cognominantur.

211 1338 253 1394 J
259 1365 286 1394 A
295 1364 431 1402 MQUE
452 1352 683 1405 fatigatum
706 1353 835 1393 tellus
855 1353 1033 1394 AEtnaea
1054 1353 1228 1394 tenebat
1580 1348 1665 1390 260

213 1419 458 1461 Daedalon:
489 1424 533 1459 et
551 1420 705 1461 sumtis
726 1432 804 1472 pro
826 1420 1025 1473 supplice
1047 1419 1239 1461 Cocalus
1262 1419 1392 1460 armis

214 1487 337 1528 Mitis
356 1487 609 1527 habebatur.
668 1486 697 1526 J
702 1499 772 1526 am
793 1487 1069 1527 lamentabile
1089 1485 1275 1527 Athenae

214 1553 411 1595 Pendere
432 1553 651 1593 desierant
668 1552 844 1593 Thesea
862 1552 992 1593 laude
1012 1553 1231 1593 tributum.

212 1620 396 1673 Templa
415 1621 700 1660 coronantur:
731 1619 1084 1672 bellatricemque
1108 1619 1353 1660 Minervam

213 1687 324 1727 Cum
344 1685 458 1727 Jove
480 1685 650 1738 Disque
671 1689 831 1725 vocant
852 1684 976 1724 aliis:
1007 1698 1117 1738 quos
1139 1686 1350 1738 sanguine
1367 1688 1485 1735 voto,
1579 1684 1665 1727 265

215 1753 562 1805 Muneribusque
584 1751 711 1801 datis,
730 1756 772 1792 et
790 1752 953 1792 acerris
976 1752 1112 1792 thuris
1135 1752 1330 1793 adorant.

255 1882 304 1904 iv.
328 1873 458 1913 Jamque
473 1875 560 1903 terra
577 1873 701 1904 AEtnaea
716 1873 843 1903 habebat
855 1873 1020 1904 Daedalum
1033 1873 1205 1912 defessum:
1228 1877 1257 1905 et
1273 1873 1403 1904 Cocalus
1413 1871 1580 1903 habebatur
1590 1871 1668 1903 lenis

211 1916 305 1946 armis
319 1915 416 1955 captis
431 1915 463 1946 z'n
484 1915 623 1954 gratiam
637 1916 795 1956 supplicis.
828 1916 901 1946 Jam
927 1917 1060 1947 Atheuae
1085 1917 1250 1947 omiserant
1279 1917 1392 1947 solvere
1418 1916 1586 1946 luctuosum
1609 1915 1668 1946 tri-

213 1959 317 1989 butum
341 1958 458 1988 virtute
479 1958 597 1988 Thesei.
646 1959 770 1999 Templa
784 1960 967 1989 decorantur
979 1969 991 1994 ;
1011 1963 1103 1999 atque
1118 1960 1260 1989 int-ocant
1286 1959 1446 1988 Palhzdem
1468 1956 1538 1988 belli
1561 1959 1666 1997 poten-

213 2003 274 2031 tem
290 2010 355 2030 cum
371 2002 449 2031 Jove
464 2003 493 2031 et
508 2001 618 2031 ceteris
644 2001 730 2040 Diis,
747 2011 819 2041 quos
845 2001 994 2032 honorant
1018 2002 1170 2040 sanguine
1193 2001 1340 2042 promisso
1356 2003 1386 2030 et
1401 2000 1490 2030 donis
1503 1998 1666 2040 exhibitis,

822 2094 995 2106 caeee‘ae-eee
1001 2095 1055 2105 eoo

214 2155 319 2187 Multi
345 2156 451 2188 codd.
475 2162 510 2188 et
534 2158 620 2189 Edd.
638 2159 971 2189 Praeterhum.—259
996 2159 1089 2189 Unus
1117 2158 1235 2189 Heins.
1258 2168 1345 2188 mem.
1362 2157 1559 2188 viena—260
1585 2156 1665 2187 Tell.

214 2198 356 2228 Hennaea
378 2208 462 2229 unus
479 2200 571 2231 Med.
588 2209 654 2240 qno
677 2206 711 2231 et
736 2201 793 2230 alii
810 2201 974 2239 alludunt,
986 2201 1017 2230 in
1034 2201 1162 2241 quibus,
1179 2201 1336 2239 Ethenna,
1353 2200 1506 2238 Ethenea,
1525 2199 1665 2234 Ehnaea;

213 2245 356 2281 uterque
372 2241 562 2282 Hamburg.
584 2243 834 2273 flamm—⁶263
861 2243 1017 2274 Quatuor
1033 2243 1107 2273 libri
1125 2243 1246 2274 Solvere
1276 2245 1338 2273 des.
1382 2242 1508 2282 Sprotii
1524 2241 1668 2272 reddere.

213 2282 272 2313 Pr.
302 2283 387 2313 Mor.
405 2284 571 2314 debuerant
598 2285 686 2315 Thes.
715 2285 803 2314 unde
831 2285 948 2316 Heius.
974 2286 1257 2316 desuerant.——264
1282 2286 1364 2315 Lov.
1381 2283 1665 2323 „iaculatricemque-

213 2325 260 2356 Et
281 2325 334 2356 hic
357 2325 422 2356 duo
439 2326 545 2357 Gron.
573 2327 826 2358 Dianam.-266
851 2328 928 2359 Sec.
945 2328 1020 2359 Pal.
1039 2329 1082 2360 O.
1099 2329 1197 2359 Cant.
1214 2334 1249 2359 et
1264 2327 1383 2367 viginti
1407 2327 1463 2358 alii
1479 2330 1509 2358 et
1525 2325 1666 2362 (κατίῃ

870 2412 1007 2443 NOTAE

253 2487 317 2515 260
357 2485 470 2525 Tellus]
521 2485 638 2516 Sicilia
674 2489 736 2523 est,
772 2486 805 2515 in
845 2495 910 2525 qua
1007 2489 1068 2517 263
1106 2486 1227 2526 Laude]
1272 2486 1395 2517 Thesei
1432 2484 1575 2524 virtute,
1606 2483 1665 2526 qui

211 2533 418 2565 flammarum
435 2535 700 2566 eructationibus
716 2534 910 2566 notissimus
964 2537 1195 2567 Minotaurum
1211 2536 1444 2567 interfecerat.

212 2594 307 2615 mons
326 2584 439 2616 AEtna.
1006 2589 1067 2616 265
1098 2587 1187 2626 Vota]
1212 2588 1287 2620 Quo
1313 2591 1466 2626 tempore
1491 2584 1533 2615 ab
1557 2582 1666 2615 Athe-

255 2637 317 2665 261
345 2634 486 2673 Cocalus]
534 2634 660 2665 Siciliae
691 2643 762 2672 rex,
794 2634 851 2675 qui
875 2638 911 2664 et
964 2636 1136 2666 niensibus
1163 2637 1205 2667 ad
1232 2637 1381 2668 Mino'effl
1404 2637 1569 2667 tributum
1585 2645 1662 2667 cnm

213 2685 362 2716 Minoem
379 2685 502 2716 dicitur
524 2685 707 2723 sustulisse,
723 2695 812 2723 cum,
827 2685 910 2715 inito
964 2685 1096 2716 Theseo
1123 2687 1272 2725 missum,
1297 2691 1332 2718 et
1360 2691 1473 2717 tauros
1500 2689 1536 2716 et
1555 2684 1664 2716 multa

211 2736 253 2779 de
270 2735 444 2766 reddendo
460 2734 604 2767 Daedalo
617 2736 782 2778 pacto,in
794 2735 910 2767 urbem
963 2735 1028 2765 alia
1058 2745 1118 2775 pro
1146 2736 1392 2768 discedentium
1421 2734 1661 2775 incolumitate

213 2791 370 2826 receptus
387 2784 518 2818 fuisset.
964 2789 1139 2827 voverant,
1153 2785 1293 2818 scilicet.
