1831 3023
220 232 334 274 1490
711 244 751 275 P.
782 243 944 274 ovmu
976 242 1188 274 NASONIS

219 338 479 381 Ascendunt
498 339 617 389 illuc,
639 341 881 392 stratosque
900 339 944 378 in
966 337 1107 378 littore
1127 342 1278 378 tauros

220 406 330 449 Cum
350 408 511 459 gemitu
535 407 769 460 aspiciunt,
792 408 1142 458 vastatoremque
1163 406 1336 445 cruento
1586 403 1673 445 395

221 473 309 515 Ore
329 474 420 514 feru
430 487 484 520 m,
504 474 656 524 longos
677 472 888 511 infectum
911 473 1118 524 sanguine
1140 472 1284 511 villos.

220 540 327 581 Inde
347 551 502 580 manns
523 537 703 578 tendens
723 537 767 576 in
788 538 924 590 aperti
943 538 1091 578 littora
1109 539 1244 592 ponti,

220 606 464 647 Coeruleam
488 605 645 644 Peleus
668 604 950 653 Psamathen,
970 609 1016 644 ut
1035 605 1155 646 finiat
1175 606 1299 653 iram,

222 673 340 720 Orat,
364 683 579 724 opemque
599 671 723 711 ferat.
784 670 881 711 Nec
903 672 1086 712 vocibus
1113 672 1188 712 illa
1207 671 1399 723 rogantis

222 739 435 780 Flectitur
456 739 673 779 AEacidae.
733 738 886 779 Thetis
906 739 1016 779 hanc
1037 753 1117 793 pro
1138 740 1320 793 conjuge
1342 738 1531 792 supplex
1587 737 1673 778 400

218 806 410 858 Accepit
430 807 617 846 veniam.
678 805 765 845 Sed
789 806 905 845 enim
924 807 1195 847 irrevocatus
1222 807 1277 847 ab
1297 806 1388 846 acri

221 872 354 914 Caede
372 873 502 924 lupus
521 875 706 924 perstat,
730 871 958 911 dulcedine
981 874 1200 924 sanguinis
1222 885 1374 925 asper3

220 939 372 980 Donec
390 940 669 978 inhaerentem
687 938 848 978 lacerae
871 938 1042 977 cervice
1059 937 1263 990 juvencae

221 1007 439 1047 Marmore
461 1005 661 1045 mutavit.
722 1003 912 1057 Corpus,
933 1009 1179 1057 praeterque
1206 1003 1396 1044 colorem
1578 1050 1582 1057 Ι

220 1073 381 1114 Omnia
403 1072 617 1113 servavit:
648 1071 814 1125 lapidis
835 1072 956 1112 color
976 1071 1154 1121 indicat,
1174 1071 1300 1111 illum
1589 1064 1676 1114 405

219 1141 319 1181 Jam
337 1153 421 1181 non
442 1153 536 1180 esse
556 1140 726 1192 lupum,
742 1139 838 1193 jam
856 1151 944 1179 non
965 1138 1121 1179 debere
1142 1139 1303 1179 timeri.

220 1208 318 1248 Nec
338 1211 480 1248 tamen
498 1207 582 1247 hac
603 1206 835 1260 profugum
855 1206 1097 1247 consistere
1118 1205 1255 1247 Pelea
1275 1209 1389 1247 terra

220 1274 334 1315 Fata
353 1275 518 1315 sinunt:
551 1273 779 1325 Magnetas
801 1272 891 1313 adit
912 1285 1048 1325 vagus
1070 1273 1188 1322 exul,
1211 1266 1362 1313 et'illic

220 1341 364 1383 Sumit
384 1342 439 1382 ab
462 1341 702 1382 Haemonio
723 1340 976 1395 purgamina
995 1341 1137 1382 caedis
1157 1339 1345 1382 Acasto.

218 1453 305 1490 dant,
319 1454 409 1490 atque
422 1450 526 1481 vident
543 1460 610 1480 cum
635 1451 739 1480 dolore
763 1450 850 1481 bones
864 1453 1014 1481 mactatos
1029 1451 1060 1482 in
1075 1451 1192 1489 littore,
1217 1453 1309 1491 atque
1333 1460 1445 1480 soevum
1466 1449 1675 1490 populatorem

218 1495 298 1524 ricta
313 1494 558 1532 sanguinolento,
581 1496 743 1530 gerentem
762 1493 900 1532 prolixos
922 1494 1002 1532 pilos
1025 1494 1200 1534 inquinatos
1216 1494 1377 1532 sanguine.
1423 1493 1500 1523 Inde
1514 1492 1675 1532 porrigens

220 1546 325 1566 »nanus
338 1536 369 1566 in
385 1535 492 1566 littora
518 1535 689 1565 castissimi
716 1536 822 1575 maris,
846 1539 992 1575 precatur
1019 1537 1162 1575 glaucam
1186 1536 1389 1574 Psamathen,
1415 1539 1449 1565 ut
1473 1537 1569 1575 ponat
1583 1535 1676 1572 iram,

219 1588 310 1618 mque
322 1578 459 1617 praebeat
476 1578 639 1608 auxilium.
685 1578 792 1616 Neque
821 1578 876 1608 illa
905 1582 1044 1609 movetur
1067 1579 1206 1618 precibus
1230 1578 1370 1609 AEacz‘doe
1391 1577 1520 1608 orantis.
1569 1576 1676 1607 Thetis

218 1621 344 1660 supplex
371 1619 552 1660 impetravit
581 1620 659 1649 hanc
688 1620 807 1650 veniam
835 1631 890 1659 pro
914 1621 1036 1651 marito.
1082 1621 1127 1651 At
1153 1621 1234 1651 enim
1249 1622 1336 1659 lupus
1349 1630 1417 1650 acer
1432 1620 1589 1650 dulcedine
1604 1629 1674 1649 san-

217 1663 325 1699 guinis
338 1666 468 1702 perstat,
485 1671 672 1701 nequaquam
682 1662 858 1701 prohibitus
871 1672 889 1692 a
906 1663 1039 1693 violenta
1053 1667 1171 1702 strage,
1197 1664 1289 1692 floriet·
1303 1663 1398 1693 vertit
1416 1663 1445 1692 in
1461 1671 1571 1692 saxum
1586 1662 1676 1702 affix-

222 1716 268 1735 um
284 1706 357 1734 collo
369 1704 678 1741 dilaniataejuvencae
691 1714 699 1733 .·
717 1707 806 1743 atque
821 1714 930 1743 corpus
945 1705 1075 1735 retinuit
1088 1705 1188 1735 onznia
1204 1709 1320 1742 proeter
1333 1705 1425 1734 color(
1432 1714 1471 1734 m.
1499 1704 1590 1734 Color
1603 1703 1676 1734 saxi

219 1748 354 1776 ast-larun
369 1747 454 1776 illum
463 1746 532 1783 J'am
548 1755 604 1776 non·
621 1755 683 1776 esse
699 1747 814 1784 lupum,
834 1746 902 1783 jam
917 1757 977 1776 non
991 1747 1099 1777 debere
1115 1747 1322 1782 reformidart.
1371 1747 1475 1784 Neque
1489 1749 1592 1776 tamen
1600 1744 1675 1782 fata

218 1790 379 1826 patiantur
393 1789 521 1819 Poleam
537 1797 660 1818 nwnere
670 1787 703 1817 in
719 1788 775 1817 hac
790 1790 885 1820 terra.
932 1790 1014 1820 Erro
1038 1788 1189 1830 profugas
1208 1789 1313 1829 pergit
1337 1789 1377 1818 ad
1393 1789 1570 1828 Magnetes,
1585 1791 1676 1828 atque

221 1831 262 1861 ibi
277 1834 430 1871 purgatur
443 1830 480 1861 ab
495 1832 610 1862 Acasto
626 1830 806 1862 Thessalico.

828 1904 905 1915 «m
909 1903 1065 1915 eeeeeee

221 1959 299 1999 quia
315 1961 396 1990 locus
417 1963 452 1990 et
474 1960 538 1990 loca
554 1958 587 1989 in
603 1968 671 1990 uno
688 1958 875 1999 eodemque
893 1969 939 1990 vs.
967 1958 1197 1990 inconcinnius
1218 1958 1406 1989 videbatur.
1441 1957 1550 1989 Putat
1573 1957 1674 1989 etiam

211 2003 279 2039 fot-t
310 2003 362 2033 vel
376 2002 466 2039 faces
482 2012 580 2042 posse
595 2001 675 2041 legi.
721 2001 762 2031 In
777 2003 884 2032 altero
896 2001 1063 2033 Twisden.
1087 2006 1161 2033 erat
1172 2002 1296 2042 phot-us,
1320 2000 1409 2031 unde
1438 2001 1526 2040 conj.
1552 2001 1674 2040 pharim.

220 2045 258 2074 In
277 2054 342 2075 uno
360 2045 437 2077 Bas.
461 2048 581 2084 patens.
626 2044 769 2075 Bothius
787 2045 914 2074 mavult
934 2045 1073 2084 pharus;
1096 2048 1133 2074 et
1149 2055 1194 2075 vs.
1220 2043 1368 2083 praeced.
1386 2043 1470 2083 legit
1496 2043 1586 2074 tectis
1611 2052 1674 2082 pro

218 2088 322 2126 terris,
337 2097 413 2127 quae
430 2091 480 2118 est
497 2088 598 2118 lectio
615 2087 750 2117 Codicis
768 2087 917 2117 Berolin.
937 2096 1028 2126 saepe
1045 2086 1134 2117 enim
1150 2086 1251 2117 hasce
1269 2085 1402 2116 voculas
1418 2095 1490 2116 esse
1507 2083 1675 2116 confusas.

219 2131 325 2159 -394
349 2129 454 2160 Multi
476 2129 586 2160 Codd.
618 2130 940 2160 Descendunt.—396
955 2128 997 2160 O.
1008 2133 1044 2159 et
1058 2133 1200 2169 quatuor
1216 2128 1273 2159 alii
1293 2129 1574 2167 longosque—400
1594 2127 1674 2158 Hei-

218 2170 308 2201 delb.
325 2171 580 2202 ,Eunaia—401
605 2171 754 2201 Berolin.
774 2180 840 2201 ren.
858 2171 921 2201 Sed
936 2181 995 2201 non
1018 2174 1186 2201 revocatus.
1211 2170 1278 2200 Alii
1297 2170 1448 2210 plerique
1467 2175 1550 2200 mett.
1569 2170 1672 2201 etiam

219 2215 495 2243 revocatus—403
507 2217 541 2243 et
552 2222 644 2253 seqq.
657 2213 772 2242 Burni.
787 2212 878 2251 conj.
892 2213 974 2243 Don.
986 2213 1190 2249 inhoerentis;
1209 2214 1258 2242 vei
1276 2213 1451 2249 inhoerenti,
1465 2213 1543 2242 utin
1559 2221 1622 2242 uno
1633 2213 1674 2244 P.

222 2254 357 2285 Deinde
375 2255 482 2285 Grou.
500 2260 535 2285 et
559 2255 713 2285 Menard.
738 2255 833 2284 nivea>
851 2264 910 2294 pro
926 2254 1056 2291 lacerae‚·
1079 2260 1115 2285 et
1131 2255 1210 2285 Bas.
1227 2256 1301 2285 lata.
1338 2255 1431 2285 Unus
1450 2255 1542 2284 Med.
1558 2254 1675 2285 cervice

216 2297 352 2336 gerenti,
374 2297 462 2328 unde
486 2297 602 2327 Burm.
618 2296 771 2326 faciebat
802 2307 900 2326 vacca?
929 2298 1044 2327 cerrioe
1057 2297 1400 2335 ge1·enti.—404.405.
1434 2298 1519 2327 Tres
1541 2298 1676 2329 mutavit

218 2349 326 2380 corpas
347 2343 544 2379 psamateque
569 2340 716 2369 colorem:
740 2338 838 2369 multi
867 2348 975 2378 corpus
994 2342 1145 2379 pariterq.
1172 2340 1316 2377 colorem,
1333 2340 1443 2369 Cetera
1457 2339 1614 2374 sen-arin-
1637 2344 1674 2370 et

218 2391 268 2423 pr.
284 2382 374 2413 Mor.
389 2382 484 2422 lapid.
500 2383 608 2420 rigor,-
632 2391 674 2412 ex
696 2380 816 2422 quibus
840 2382 993 2412 omuibus
1018 2382 1125 2412 varias
1141 2391 1240 2422 posse
1257 2382 1513 2413 emendationes
1539 2382 1674 2423 excogi-

877 2473 1016 2505 NOTAE

260 2544 323 2573 400
355 2541 506 2582 Conjuge]
545 2542 664 2582 Peleo,
693 2542 835 2583 scilicet,
864 2543 918 2574 cui
972 2545 1108 2586 placata
1123 2545 1305 2577 Psamatbe
1327 2544 1368 2576 ab
1384 2553 1423 2575 eo
1438 2544 1673 2585 persequendo

218 2593 399 2625 Thetidem
442 2594 656 2625 matrimonio
703 2594 919 2634 conjunctam
973 2594 1128 2626 desierit.

218 2645 373 2678 vidimus.
1014 2648 1078 2676 408
1100 2644 1282 2684 Magnetas]
1317 2644 1470 2675 Fuerunt
1493 2644 1675 2683 Magnetes

260 2698 325 2727 404
359 2695 532 2736 Marmore]
569 2695 646 2727 Hoc
676 2695 754 2727 ideo
789 2694 920 2735 fictum,
972 2695 1155 2726 Thessaliae
1172 2694 1473 2735 populi‚equorum
1489 2693 1672 2724 domitores

220 2747 308 2788 quod
332 2747 386 2777 vel
409 2747 518 2787 lupus,
542 2747 595 2778 vel
612 2747 730 2788 aliquis
747 2746 920 2786 parricidii
974 2744 1166 2784 clarissimi,
1181 2744 1369 2785 Magnesiae
1381 2743 1529 2783 regionis
1543 2737 1672 2774 incdiae.

222 2798 322 2839 ultor,
334 2796 422 2839 quod
433 2795 583 2829 infratre
593 2795 919 2837 Peleusadmiserat‚
1014 2798 1079 2827 409
1101 2794 1232 2836 Acasto]
1269 2795 1338 2828 Qui
1357 2794 1464 2828 Peliae
1478 2793 1579 2836 filius,
1594 2803 1672 2826 cum
