1831 3023
206 142 317 182 1112
693 154 734 185 P.
767 154 926 185 ovmn
957 153 1169 185 NAsoms

204 247 300 289 Ara
317 247 348 288 J
351 247 450 289 ovis
471 247 619 288 media
639 253 718 290 est.
778 248 1000 289 Mactatur
1021 260 1162 289 vacca
1184 247 1415 296 Minervae,

204 313 382 369 Alipedi
404 316 594 366 vitulus3
625 320 777 356 taurus
801 317 894 365 tibi,
919 330 1084 356 summe
1107 316 1312 357 Deorum.
1572 315 1610 355 '7-

210 380 413 423 Protinus
436 382 765 432 Andromedan,
789 386 832 423 et
852 383 958 423 tanti
978 383 1162 436 praemia
1180 383 1290 423 facti

204 448 409 490 Indotata
431 451 564 502 rapit.
624 450 787 490 Taedas
809 450 1081 504 Hymenaeus
1102 448 1325 502 Amorque

203 514 509 557 Praecutiuntt.
530 516 661 568 largis
683 516 895 557 satiantur
917 515 1130 556 odoribus
1153 517 1300 568 ignes:

199 580 417 634 Sertaque
437 582 682 635 dependent
703 584 852 623 tectis:
884 583 1068 636 lotique,
1100 584 1312 636 lyraeque,

198 647 434 700 Tibiaque,
460 653 502 688 et
523 652 693 698 cantus,
716 650 847 690 animi
867 649 1017 690 felicia
1036 651 1129 691 laeti
1569 649 1654 690 760

196 711 482 766 Argumenta,
504 719 682 756 sonant:
713 716 918 756 reseratis
939 729 1070 757 aurea
1091 717 1233 758 valvis

197 779 327 821 Atria
345 785 437 822 tota
456 786 616 835 patent,
637 782 909 835 pulchroque
925 783 1131 824 instructa
1150 788 1306 837 paratu

199 846 417 901 Cephenis
439 862 642 902 proceres
662 851 814 891 ineunt
834 851 1038 891 convivia
1054 852 1183 903 regis.

195 915 439 968 Postquam
461 917 605 969 epulis
622 917 758 958 functi
777 919 974 970 generosi
995 932 1165 959 munere
1185 918 1351 959 Bacchi

196 982 424 1022 Diffudere
445 984 638 1035 animos3
670 984 900 1037 cultusque
915 986 1176 1038 habitusque
1197 986 1395 1025 locorum
1567 983 1651 1023 765

195 1047 367 1097 Quaerit
386 1049 660 1091 Abantiades
677 1065 688 1101 3
722 1053 935 1103 quaerenti
955 1053 1155 1104 protinus
1175 1065 1288 1092 unus

193 1116 381 1170 [Narrat
402 1115 636 1169 Lyncides,
660 1130 907 1170 moresque,
927 1118 1195 1171 habitusque
1216 1116 1442 1167 virorum]

1605 316 1626 354 w!

1630 315 1658 354 0!

192 1247 276 1274 {rum
291 1244 362 1283 tibi,
384 1245 474 1284 virgo
490 1245 619 1281 belhem
642 1246 741 1276 altare
764 1246 855 1276 Jovis
869 1246 1003 1277 medium
1020 1249 1079 1277 est.
1124 1246 1228 1277 Junix
1242 1247 1418 1277 immolatur
1434 1245 1582 1282 Palladi,·
1603 1245 1649 1276 vi-

194 1287 280 1317 tulus
304 1287 442 1327 alipedi;
466 1291 574 1319 taurus
598 1288 666 1327 tibi,
689 1288 824 1319 maxime
847 1289 994 1320 Deorum.
1043 1289 1196 1319 Continuo
1222 1288 1339 1328 abripit
1364 1289 1594 1327 Andromedan,
1618 1291 1649 1318 et

193 1331 362 1360 mercedem
376 1330 548 1361 indotatam
570 1331 651 1361 tanti
666 1330 833 1368 facinoris.
880 1331 1071 1371 Hymenaeus
1085 1334 1116 1361 et
1138 1332 1236 1362 Amor
1255 1334 1327 1361 ante
1350 1333 1448 1361 movet
1455 1330 1563 1367 faces.-
1579 1329 1648 1367 foci

192 1371 362 1412 implentur
375 1373 480 1403 multis
492 1373 653 1403 odoribus:
678 1377 707 1403 et
722 1373 844 1404 corolloe
858 1374 1029 1413 dependent
1044 1373 1154 1404 tectis:
1178 1377 1209 1404 εἰ
1224 1373 1291 1412 loti,
1308 1377 1338 1404 et
1354 1373 1443 1414 lyrae,
1467 1376 1496 1403 et
1512 1372 1602 1409 tibia,
1617 1375 1646 1403 et

196 1416 319 1454 cantem,
336 1415 453 1445 indicia
460 1415 574 1453 festivi
588 1416 696 1453 animi,
710 1419 887 1455 personant.
937 1417 1014 1446 Tota
1030 1416 1112 1446 atria
1128 1426 1233 1455 aurea,
1243 1419 1274 1446 et
1286 1420 1394 1446 ornata
1409 1416 1541 1455 specioso
1554 1424 1647 1454 uppa-

191 1460 278 1494 rntu,
303 1461 411 1497 aperta
427 1461 509 1497 sunt,
528 1457 652 1495 foribus
675 1458 862 1497 putentibus.
912 1459 1089 1499 Optimntes
1118 1459 1254 1498 Cepheni
1270 1458 1476 1498 frequentant
1505 1457 1647 1489 convivia

194 1499 292 1538 regis.
339 1500 504 1539 Postquam
521 1501 637 1539 epulati
653 1504 763 1530 essent
779 1501 996 1532 exhilararunt
1019 1502 1111 1531 corda
1132 1501 1274 1542 beneficio
1288 1500 1541 1541 praestantissimi
1558 1499 1621 1530 vini
1635 1510 1644 1529 :

192 1545 223 1571 et
239 1541 430 1573 Abantiades
443 1542 622 1573 sciscitatur
636 1544 716 1574 ritus
739 1546 770 1573 et
791 1553 889 1574 mores
911 1545 1058 1574 locorum:
1082 1544 1225 1575 continuo
1241 1544 1363 1584 quidam
1381 1543 1533 1584 Lyncides
1548 1542 1645 1580 refert

804 1615 1015 1626 ‘'etune“
1021 1616 1036 1627 o

190 1661 225 1687 et
243 1657 298 1687 alii
322 1658 497 1689 Duritium.
523 1659 563 1688 In
580 1668 647 1689 uno
665 1658 796 1689 Ciofani
813 1659 938 1699 rapiunt
955 1669 1016 1699 pro
1039 1660 1281 1700 capiunt.—756
1305 1659 1451 1692 Quidam
1469 1660 1562 1690 Prot.
1579 1659 1644 1690 An·

187 1701 359 1730 dromeden.
385 1700 501 1731 Heius.
519 1701 607 1740 conj.
625 1704 661 1731 ut
677 1702 768 1732 tanti.
793 1701 886 1731 Idem
904 1712 979 1732 mox
997 1711 1039 1732 ex
1057 1712 1122 1733 uno
1137 1702 1288 1733 Gronov.
1303 1707 1339 1732 et
1354 1702 1544 1732 Barberino
1561 1711 1645 1741 prae·

188 1741 254 1772 fert
272 1742 477 1782 capit.—758
501 1743 694 1773 Praemctiunt
713 1753 731 1773 e
748 1744 798 1774 Fl.
813 1744 848 1774 S.
866 1744 977 1774 Marci
994 1745 1113 1775 Heius.
1131 1745 1264 1784 recepit
1279 1755 1286 1774 ι
1312 1746 1411 1783 vulgo
1433 1744 1620 1784 praecipiunt
1634 1755 1644 1773 :

185 1784 241 1814 atii
271 1785 460 1824 percutiunt,
487 1785 700 1825 proecipitant,
728 1787 889 1825 &cr-759
911 1786 1044 1826 Letique
1074 1786 1235 1817 debemus
1263 1786 1407 1827 ingeniis
1437 1786 1588 1817 Gronov.
1607 1788 1642 1816 et

186 1826 306 1858 Heius.
321 1837 398 1857 cum
415 1833 574 1868 corrupte
592 1829 765 1868 legeretur
780 1829 898 1868 ubique.
944 1828 1045 1861 Quod
1070 1829 1228 1859 mendum
1255 1834 1432 1859 senserunt
1448 1834 1483 1860 et
1509 1829 1588 1859 olirn
1605 1828 1642 1858 li-

183 1869 310 1906 brarii;
343 1869 421 1900 hinc
449 1870 503 1900 alii
535 1875 756 1901 correxerunt
783 1872 983 1910 ‹sitnm-(eque,
1011 1871 1067 1901 alii
1096 1872 1341 1911 lituique—762
1364 1871 1435 1902 Pro
1459 1871 1642 1910 pulchroque

183 1920 270 1941 unus
286 1911 381 1942 Med.
396 1913 572 1952 patrioque,
596 1922 662 1942 non
687 1913 901 1952 improbante
919 1913 1040 1944 Heius.
1064 1914 1121 1954 qui
1149 1918 1262 1943 tamen
1281 1913 1429 1943 malebat
1445 1915 1640 1952 lauteque.—

182 1956 245 1984 763
271 1953 389 1984 Heius.
413 1954 564 1994 spurimn
581 1954 761 1994 judicabat
785 1955 816 1985 h.
845 1965 892 1985 vs.
921 1955 1100 1985 dicendum
1127 1956 1214 1986 enim
1251 1954 1354 1986 fuisse
1381 1955 1556 1994 Cephenum
1581 1959 1640 1985 aut

184 1996 349 2036 Cephenes.
388 1997 434 2027 Et
461 1997 558 2028 multi
585 1997 692 2028 Codd.
716 1997 843 2028 habent
874 1998 1057 2037 Cephenum.
1081 1998 1231 2029 Gronov.
1260 1998 1571 2037 Cepl1ei.—765-767
1598 1996 1638 2027 ln

840 2070 977 2102 NOTAE

180 2138 366 2180 proximum
382 2138 517 2179 scripsit
532 2139 675 2179 Lipsius.
935 2140 1079 2180 scilicet,
1093 2139 1286 2180 nuptiarum
1311 2138 1514 2170 caerimoniae
1532 2139 1638 2170 absol-

219 2194 283 2222 756
327 2192 420 2223 Tanti
435 2191 536 2232 sacti]
584 2193 640 2223 De
662 2191 802 2223 monstri
824 2201 877 2222 oc·
934 2191 1112 2222 vehantur.

177 2243 303 2275 cisione
319 2244 478 2285 loquitur.
975 2244 1038 2272 759
1067 2241 1214 2282 Lotique]
1251 2241 1292 2272 Id
1309 2247 1373 2280 est,
1391 2241 1482 2272 tibiae
1501 2251 1542 2272 ex
1565 2241 1634 2272 loto

219 2297 281 2326 757
309 2294 470 2334 Indotata]
510 2295 594 2326 Quae
622 2295 693 2325 sine
717 2295 797 2325 dote
819 2305 876 2335 po·
932 2290 1071 2331 frutice,
1096 2292 1138 2322 de
1154 2302 1220 2333 quo
1245 2292 1276 2322 in
1297 2291 1496 2322 Amoribus:
1533 2301 1633 2332 quan-

177 2348 348 2384 poscerat,
359 2344 513 2375 utvirum
526 2344 662 2385 fortem,
676 2349 778 2386 atque
792 2345 876 2376 adeo
933 2351 1032 2383 quam
1049 2342 1182 2372 mallem
1194 2342 1337 2380 cithurae,
1354 2341 1441 2382 quod
1453 2342 1485 2372 in
1497 2341 1635 2382 quibus-

178 2394 329 2433 ὶιετοὸιη,
346 2395 471 2427 decuit.
932 2391 1007 2422 dam
1023 2392 1205 2432 reperitur,
1222 2391 1282 2421 nisi
1302 2391 1439 2422 Heinsio
1454 2396 1488 2422 et
1500 2392 1632 2424 Grono-

217 2445 341 2484 Toedas]
368 2445 461 2477 Quas
474 2445 602 2485 nuptiis
619 2445 779 2476 adhibere
793 2445 876 2476 sole·
931 2442 984 2473 vio
1001 2442 1079 2472 viris
1092 2441 1280 2473 clarissimis
1297 2441 1398 2472 aliter
1414 2441 1597 2473 videretur.

173 2495 269 2534 bant,
286 2495 407 2535 utjam
431 2496 533 2526 toties
550 2495 709 2533 vidimus;
732 2505 876 2536 quaeque
974 2495 1035 2522 765
1062 2491 1243 2532 Dzffudere]
1282 2491 1321 2522 Id
1339 2497 1403 2531 est,
1421 2491 1488 2522 Cor
1511 2491 1630 2523 dilata—

175 2545 259 2576 adeo
278 2555 339 2586 pro
354 2546 432 2586 ipsis
447 2546 529 2576 sumi
546 2546 663 2577 solitae.
931 2545 1065 2581 verunt,
1095 2541 1344 2579 exhilararunt;
1390 2551 1466 2571 nam
1500 2542 1630 2573 laetitiae

218 2595 421 2635 Hymenoeus]
439 2596 541 2636 Deus,
552 2595 594 2627 de
605 2596 749 2637 quojam
764 2596 876 2637 toties,
932 2597 1050 2623 auctor
1061 2592 1230 2631 Bacchus,
1240 2591 1297 2633 qui
1307 2591 1394 2622 curis
1402 2596 1461 2622 aut
1471 2592 1631 2624 moestitia

175 2654 273 2686 quem
291 2645 322 2674 in
340 2645 466 2684 nuptiis
478 2646 652 2686 appellare
669 2646 832 2687 solebant.
929 2646 1140 2674 contractum
1154 2642 1303 2674 resolvit.

216 2698 278 2726 758
304 2695 430 2735 Largis]
476 2696 552 2728 Non
584 2697 655 2727 sine
686 2695 873 2736 sacrificii&
971 2695 1032 2723 767
1056 2692 1224 2733 Lyncides]
1277 2692 1406 2733 Lyncei
1436 2683 1547 2733 filiusj
1566 2693 1628 2724 nisi
