1831 3023
213 241 329 286 1478

211 347 328 390 Acta
346 347 485 402 patris
505 347 673 399 vincet;
705 345 935 399 majorque
955 346 1182 386 vocabitur
1201 344 1295 386 illo.

213 415 346 468 Ergo,
364 428 417 455 ne
438 415 672 468 quicquam
695 414 877 453 mundus
898 412 1011 453 Jove
1032 414 1170 468 majus
1188 413 1389 461 haberet,

215 481 432 533 Quamvis
451 482 567 522 hand
588 481 762 533 tepidos
783 481 865 519 sub
887 485 1064 533 pectore
1085 483 1276 522 senserat
1296 480 1438 532 ignes,

212 549 387 602 Jupiter
407 560 622 600 aequoreae
642 545 840 587 Thetidis
859 548 1078 589 connubia
1097 549 1206 589 vitat
1223 562 1233 589 ε

212 615 268 658 In
288 627 453 666 suaque
475 613 691 654 AEaciden
716 614 948 655 succedere
968 618 1073 655 vota
1090 618 1293 669 nepotem

211 681 242 723 J
246 682 358 723 ussit
375 694 386 731 3
422 685 464 721 ct
484 681 713 734 amplexus
734 682 778 721 in
798 681 976 734 virginis
997 683 1059 723 ire
1078 683 1272 723 marinae.

208 747 290 789 Est
314 748 436 788 sinus
460 747 706 788 Haemoniae
729 761 887 789 curvos
907 749 1094 790 falcatus
1114 751 1159 789 in
1180 761 1329 789 arcus:

209 815 400 856 Brachia
419 820 702 867 procurrunt:
733 816 825 864 ubi,
849 816 887 855 si
907 815 1017 856 foret
1037 817 1165 857 altior
1185 816 1318 864 unda,

209 881 371 922 Portus
391 885 510 922 erat:
541 882 723 921 summis
743 881 967 920 inductum
986 887 1052 922 est
1073 894 1225 934 aequor
1245 883 1406 923 arenis.

209 947 353 989 Littus
372 948 502 988 habet
523 947 728 996 solidum,
750 946 868 1000 quod
890 959 971 987 nec
990 948 1174 999 vestigia
1194 953 1365 999 servet3

209 1014 307 1056 Nec
328 1019 569 1056 remoretur
586 1015 697 1067 iter;
727 1028 805 1055 nec
826 1018 1027 1067 opertum
1046 1014 1234 1069 pendeat
1252 1015 1365 1068 alga.

209 1081 384 1136 Myrtea
405 1082 530 1136 sylva
549 1083 719 1132 subest,
734 1082 1005 1123 bicoloribus
1026 1083 1172 1124 obsita
1190 1083 1360 1124 baccis.

208 1149 291 1190 Est
312 1163 474 1203 specus
493 1150 539 1190 in
559 1150 701 1190 medio
718 1163 729 1201 3
761 1155 918 1191 natura
937 1151 1093 1200 factus,
1121 1163 1176 1191 an
1197 1154 1300 1199 arte,

209 1215 503 1269 Ambiguum3
533 1217 672 1270 magis
694 1222 785 1259 arte
806 1221 948 1259 tamen
966 1232 976 1259 ε
1009 1231 1097 1271 quo
1120 1230 1243 1271 saepe
1263 1218 1411 1259 venire

210 1283 413 1326 Fraenato
433 1284 638 1338 delphine
659 1284 831 1335 sedens,
853 1284 984 1326 Theti
1003 1285 1139 1335 nuda,
1161 1285 1354 1326 solebas.

702 253 741 282 P.
773 251 933 281 OVKDU
965 249 1180 281 NASOMS

1579 477 1673 520 225

1580 812 1666 855 230

1580 1149 1667 1192 235

200 1436 335 1475 juvenis,
349 1437 401 1477 qui
427 1436 583 1476 superabit
600 1435 749 1473 facinora
771 1436 874 1475 patris
896 1436 1031 1466 strenuis
1048 1435 1270 1473 facinoribuae
1293 1437 1324 1466 et
1338 1435 1464 1465 dicetur
1489 1433 1587 1473 maior
1600 1435 1665 1466 illo.

206 1478 365 1519 Adeoque,
377 1488 414 1509 ne
428 1479 559 1509 mundus
572 1478 731 1518 quicquam
746 1478 871 1508 haberet
888 1478 988 1516 majus
1001 1479 1093 1518 Jove,
1109 1487 1280 1518 quanquam
1293 1478 1422 1518 Jupiter
1435 1478 1526 1508 corde
1540 1477 1666 1508 arsisset

202 1521 334 1561 flamma
346 1522 494 1559 violenta,
511 1520 601 1559 fugit
617 1520 792 1559 conjugium
810 1520 952 1551 Thetidis
967 1521 1109 1560 marinae,
1127 1524 1156 1550 et
1172 1521 1336 1561 imperavit
1351 1520 1512 1551 AEacidem
1526 1523 1666 1559 nepotem

208 1565 368 1594 succedere
384 1564 416 1594 in
428 1573 485 1593 sua
504 1566 587 1602 vota,
601 1565 630 1593 et
646 1564 751 1593 venire
766 1563 800 1593 in
825 1564 983 1602 amplexus
1003 1564 1116 1603 puellae
1141 1573 1299 1603 aequoreoe.
1347 1563 1408 1593 Est
1422 1562 1508 1592 sinus
1521 1562 1555 1593 in
1573 1562 1666 1592 Thes-

205 1606 284 1636 salia
300 1610 444 1636 curvatus
460 1606 492 1635 in
507 1615 597 1635 arcus
603 1604 708 1644 flexos
719 1616 731 1641 ;
755 1608 894 1635 extrema
906 1607 1136 1645 protenduntur
1148 1615 1159 1641 ;
1183 1605 1236 1636 ubi
1259 1606 1288 1635 si
1306 1605 1425 1646 fluctus
1451 1607 1549 1635 essent
1575 1604 1667 1635 tumi-

207 1648 318 1686 diores,
334 1651 400 1678 erat
412 1651 541 1687 portus.-
564 1655 648 1677 mav'e
664 1650 709 1677 est
726 1650 885 1677 extensum
899 1657 992 1686 super
1006 1648 1154 1679 extremis
1167 1648 1281 1678 arenis.
1310 1647 1416 1678 Habet
1428 1647 1518 1677 littus
1520 1646 1665 1688 firmum,

207 1691 285 1729 quod
300 1700 393 1729 neque
408 1689 541 1728 accipiat
553 1691 665 1728 pedum
687 1689 790 1726 signa,
814 1698 908 1728 neque
931 1690 1078 1728 impediat
1102 1690 1265 1728 incessum,
1280 1699 1375 1729 neque
1391 1689 1432 1718 sit
1447 1690 1535 1719 molle
1551 1692 1666 1719 tectum

208 1733 288 1770 alga.
334 1732 431 1771 Sylva
447 1734 567 1771 myrtea
588 1730 667 1761 illud
687 1730 787 1769 cingit
802 1734 910 1770 operta
924 1731 1024 1761 baccis
1047 1731 1239 1762 bicoloribus.
1285 1732 1345 1761 Est
1360 1733 1486 1761 antrum
1500 1731 1534 1760 in
1545 1731 1643 1761 medio
1653 1741 1665 1761 ,·

207 1774 332 1804 dubium
343 1776 526 1813 paratumne
541 1776 609 1804 arte
624 1782 663 1804 an
678 1775 815 1809 natura;
837 1772 937 1812 magis
956 1777 1024 1804 arte
1039 1776 1142 1805 tamen
1152 1784 1162 1804 .·
1185 1783 1242 1814 quo
1255 1783 1336 1814 saepe
1350 1773 1455 1804 venire
1470 1781 1667 1804 consueveras

815 1867 1052 1879 eeeeeeeeeeee

206 1936 378 1975 Beruegg.
394 1938 430 1966 et
444 1935 591 1975 quinque
609 1934 662 1965 alii
680 1934 763 1965 dant
777 1934 880 1971 actis;
912 1935 1021 1966 ceteri
1045 1935 1261 1965 armis—226
1289 1933 1379 1965 Vitat
1395 1933 1515 1965 Heius.
1531 1932 1666 1974 profert

206 1988 248 2008 ex
271 1977 489 2015 melioribus;
512 1977 647 2018 plurimi
674 1978 731 2008 alii
750 1976 961 2016 fugit—227
986 1978 1025 2008 In
1049 1987 1162 2018 suaque
1187 1982 1240 2008 est
1256 1987 1298 2008 ex
1315 1976 1431 2007 multis
1447 1976 1556 2008 Codd.
1574 1977 1666 2017 vulg.

209 2021 275 2060 Inq.
291 2030 357 2051 sua.
402 2020 490 2050 Dein
505 2029 589 2050 unus
604 2019 722 2050 Heius.
737 2020 937 2058 succed.jura
950 2030 1021 2060 nep.
1049 2020 1142 2051 Med.
1153 2024 1188 2050 et
1202 2019 1283 2051 Jun.
1307 2021 1510 2050 team—229
1531 2018 1664 2050 Zulich.

206 2063 266 2093 sin.
290 2063 447 2093 Emathia»
463 2073 547 2093 curn.
583 2063 678 2093 Unus
707 2062 825 2094 Heius.
852 2063 999 2093 Haemon.
1023 2063 1156 2093 modicos
1172 2061 1361 2099 fala—230
1385 2061 1453 2092 Pro
1472 2061 1526 2091 ubi
1542 2061 1663 2092 Heius.

210 2104 359 2135 malebat
374 2107 548 2144 qui.-—233
573 2105 632 2135 Pr.
649 2105 725 2135 Pal.
743 2105 860 2135 Urbin.
878 2110 914 2136 et
937 2104 1003 2135 duo
1022 2105 1063 2136 A.
1079 2114 1191 2135 remor.
1205 2105 1315 2144 aquis;
1337 2114 1400 2135 nec.
1415 2103 1487 2134 scil.
1504 2103 1662 2144 vestigia.

204 2149 311 2178 -234
324 2147 393 2178 Pro
406 2147 506 2178 obsita
522 2147 672 2178 nonnulli
687 2147 772 2178 edita
784 2158 798 2184 ,·
820 2147 952 2178 Arund.
967 2147 1078 2178 absita.
1097 2147 1193 2178 Leid.
1207 2147 1306 2177 obsita
1320 2146 1560 2177 conchis—235
1583 2147 1666 2178 Bas.

867 2253 1008 2284 NOTAE

247 2339 309 2367 225
348 2336 446 2367 Haud
467 2336 602 2377 tepidos]
642 2339 730 2369 Nam
754 2340 907 2372 Thetidis

207 2395 320 2417 amore
335 2385 474 2425 Jupiter
490 2392 666 2427 correptus
683 2387 807 2420 fuerat.

248 2437 311 2467 226
332 2435 437 2474 Vitat]
463 2436 541 2468 Jovi
557 2437 659 2476 enim,
673 2439 729 2479 qui
742 2439 827 2479 ignis
843 2446 907 2480 est,

206 2496 282 2518 cuin
300 2496 389 2527 aqua
405 2496 463 2517 seu
473 2487 615 2518 Thetide
627 2489 719 2519 coire
732 2490 905 2522 nonlicet.

206 2538 407 2578 Quanquam
430 2537 569 2578 majora,
591 2542 695 2577 atque
719 2540 823 2570 etiam
847 2541 905 2571 ab·

204 2587 408 2618 strusissima
425 2592 569 2628 naturae,
582 2587 643 2619 sub
659 2588 722 2620 hac
736 2591 906 2622 contineri

206 2638 325 2670 fabula
338 2638 499 2670 arbitror.

247 2691 310 2721 227
356 2690 522 2730 Nepotem]
574 2690 729 2731 Peleum,
764 2692 907 2732 scilicet,

205 2739 302 2772 AEaci
330 2739 448 2779 filium,
475 2750 575 2782 quem
600 2741 736 2782 quidem
764 2742 906 2774 AEacum

204 2790 343 2831 Jupiter
359 2800 403 2822 ex
413 2791 533 2833 AEgina
544 2790 652 2834 Asopi
665 2791 735 2824 filia
744 2793 908 2834 suscepit.

1004 2345 1067 2373 229
1091 2341 1280 2381 Haemonioe]
1327 2340 1436 2373 Quam
1453 2339 1665 2371 Thessaliam

962 2402 1035 2423 esse
1045 2393 1115 2433 jam
1132 2402 1223 2432 s'aepe
1238 2391 1396 2422 diximus.

1003 2445 1065 2474 233
1079 2441 1236 2481 Pendeat]
1249 2442 1408 2473 Pendere
1419 2441 1554 2472 videtur
1563 2441 1665 2473 littus

960 2502 1034 2523 cum
1063 2493 1139 2533 alga
1165 2497 1323 2533 opertum
1343 2497 1408 2531 est,
1421 2501 1496 2533 quae
1519 2492 1664 2532 pedibus

960 2542 1064 2574 cedit,

1004 2593 1100 2633 Alga]
1127 2592 1246 2623 Herba
1257 2597 1310 2624 est
1323 2592 1444 2622 nullius
1456 2591 1573 2632 pretii,
1584 2601 1662 2634 quae

960 2642 993 2673 in
1005 2644 1098 2684 aquis
1108 2644 1246 2674 marinis
1259 2643 1422 2682 nascitur,
1432 2641 1537 2683 pedes
1544 2651 1664 2674 eorum

959 2693 1102 2733 alligans
1119 2693 1175 2735 qui
1197 2691 1283 2726 vada
1299 2697 1449 2734 tentant,
1464 2697 1524 2725 aut
1540 2701 1604 2734 per
1619 2702 1661 2725 ea

959 2743 1137 2777 incedunt.
