1831 3023
402 646 476 702 P.
528 643 900 702 OVIDII
970 639 1456 709 NASONIS

301 856 1557 935 METAMORPHOSEON

728 1094 989 1143 LIBER
1042 1095 1132 1141 vl.

578 1500 694 1541 FAB.
727 1500 765 1541 Ι.
827 1500 1031 1542 Minerva
1050 1501 1094 1541 iu
1115 1499 1274 1540 Anum.

197 1620 381 1652 Ameana
398 1621 517 1661 Lydia,
543 1620 694 1651 Idmonis
711 1620 897 1661 filia‚cujus
914 1624 1023 1651 mater
1047 1619 1163 1659 genita
1187 1617 1360 1659 Hypaepis
1382 1616 1495 1648 studio
1518 1615 1658 1647 lanificii

237 1674 361 1706 famam
386 1675 580 1715 quaesierat,
606 1684 682 1704 cum
708 1679 862 1704 materna
882 1673 1049 1704 industria
1077 1677 1215 1703 cunctas
1240 1671 1475 1712 praecessisset
1498 1671 1531 1701 in
1553 1679 1658 1711 opere

238 1727 408 1766 faciendo,
435 1727 533 1758 festis
563 1727 681 1757 (liebus
711 1727 906 1757 insolentius
933 1726 1167 1766 gloriabunda,
1198 1735 1296 1766 quam
1324 1725 1503 1755 mortalem
1529 1723 1663 1765 decuit,

237 1781 373 1811 elocuta
390 1785 452 1811 est.
497 1781 585 1811 Nam
602 1780 806 1817 Minervam,
823 1789 842 1810 a
858 1789 922 1819 qua
939 1779 1041 1809 docta
1056 1778 1182 1815 fuerat,
1198 1778 1240 1808 ad
1260 1782 1435 1808 certamen
1451 1777 1660 1817 provocavit.

237 1833 323 1866 Quae
341 1834 374 1864 in
388 1843 485 1864 anum
503 1842 612 1870 versa,
630 1833 662 1862 in
688 1833 748 1863 lioc
766 1832 805 1862 ad
825 1841 898 1862 earn
916 1837 1068 1872 venerat,
1083 1835 1120 1861 ut
1143 1831 1216 1871 ejus
1230 1829 1382 1861 audaciae
1399 1830 1563 1870 impetum
1579 1829 1658 1861 odio

235 1886 386 1918 futurum
416 1890 658 1926 compesceret.
717 1886 826 1918 Quam
845 1896 920 1917 cum
938 1886 971 1916 in
999 1885 1195 1916 certaminis
1223 1884 1399 1925 proposito
1418 1883 1558 1914 vidisset
1580 1893 1659 1924 per-

235 1944 441 1978 manentem,
458 1949 594 1969 reversa
610 1939 644 1968 in
666 1948 756 1969 suam
776 1939 938 1978 speciem,
957 1947 1060 1978 opere
1083 1938 1258 1978 proposito
1275 1937 1307 1967 in
1326 1941 1500 1968 certamen
1517 1937 1657 1968 descen-

235 1992 298 2031 dit,
315 1998 350 2024 et
376 1992 517 2032 singula,
539 2002 613 2032 quae
639 1996 839 2032 sequuntur,
865 1991 1080 2022 inseruerunt
1103 1991 1199 2028 telae;
1224 1989 1315 2030 prior
1342 1989 1509 2029 Minerva,
1532 1989 1656 2021 dehinc

237 2043 407 2075 Arachne.

689 2097 766 2131 Quae
782 2096 813 2126 in
832 2096 983 2126 Minervoe
1000 2096 1060 2126 tela
1073 2096 1168 2136 picta.

236 2149 393 2181 Minerva
410 2149 542 2190 incipit.
586 2150 709 2190 Itaque
728 2149 803 2180 telae
820 2159 888 2180 suae
906 2150 1052 2180 intexuit
1069 2148 1324 2180 contentionem
1341 2147 1549 2180 Athenarum
1566 2148 1656 2180 inter

238 2212 273 2233 se
289 2202 557 2243 Neptunumque
573 2202 744 2239 habitam3
764 2201 819 2242 qui
836 2202 911 2233 lacu
929 2202 1036 2232 salso*
1049 2201 1083 2232 in
1100 2211 1177 2233 arce
1194 2201 1286 2233 edito
1304 2212 1396 2232 suam
1414 2202 1656 2243 possessionem

236 2255 431 2286 vindicabat
447 2266 454 2286 :
479 2255 553 2295 ipsa
568 2255 655 2285 oliva
671 2254 791 2285 arbore
806 2265 824 2284 a
841 2264 875 2285 se
890 2255 1039 2286 iuventa.
1086 2255 1173 2285 Item
1193 2255 1381 2296 Rhodopen
1397 2255 1604 2295 Threiciam,
1617 2261 1655 2288 et

237 2308 408 2346 Haemum,
423 2307 478 2347 qui
492 2307 563 2348 pari
582 2308 713 2338 insania
726 2317 838 2338 amore
849 2308 999 2348 conjugii
1012 2308 1110 2340 Jovis
1124 2313 1159 2338 et
1170 2308 1314 2340 Junonis
1329 2309 1421 2340 abusi
1435 2314 1534 2340 erant
1550 2309 1657 2340 nomi-

237 2361 345 2400 nibus,
361 2361 394 2391 in
411 2366 541 2391 montes
558 2359 828 2400 transfiguratos.
873 2360 961 2391 Item
980 2361 1169 2401 Pygautem
1187 2370 1266 2391 casu
1282 2361 1323 2391 ab
1337 2362 1471 2393 Junone
1487 2362 1519 2392 in
1537 2372 1654 2402 gruem

237 2423 379 2446 versam.
424 2414 512 2444 Item
532 2413 724 2448 Antigonen
749 2413 989 2445 Laomedontis
1015 2414 1128 2451 filiam,
1145 2425 1221 2456 quae
1246 2425 1322 2446 cum
1342 2415 1430 2446 Jove
1454 2416 1591 2455 coisset,
1609 2416 1653 2448 ob

235 2466 415 2496 admissum
439 2466 529 2498 Juno
553 2477 627 2496 eam
656 2466 909 2505 transfiguravit
933 2467 964 2497 in
988 2467 1163 2499 ciconiam.
1209 2468 1297 2499 Item
1321 2468 1455 2509 Ciuyrae
1473 2468 1560 2508 regis
1587 2468 1653 2500 As-

235 2519 403 2559 syriorum
417 2525 585 2559 praetcrea
603 2520 687 2550 filias
709 2520 751 2550 ob
770 2520 980 2550 insolentiam
1000 2521 1042 2550 ab
1059 2521 1178 2551 eadem
1199 2522 1272 2552 Dea
1288 2522 1321 2552 in
1341 2521 1505 2561 graduum
1532 2523 1652 2563 templi

235 2572 286 2602 bui
302 2572 449 2612 lapidem
466 2578 613 2603 mutatas
628 2583 636 2610 ;
662 2583 722 2613 per
739 2583 812 2613 quae
830 2573 987 2612 exempla
999 2572 1108 2613 frangi
1127 2579 1243 2613 posset
1256 2574 1298 2604 de
1316 2574 1482 2605 Minervae
1495 2575 1654 2614 numine;

235 2624 405 2666 finemque
423 2625 533 2666 operis
551 2626 600 2656 sui
617 2626 793 2666 explicuit.
840 2625 873 2655 Is
888 2625 1005 2656 modus
1019 2631 1081 2664 est,
1096 2631 1131 2656 et
1146 2625 1229 2657 facit
1246 2626 1364 2657 arbore
1377 2626 1476 2658 finem
1493 2637 1563 2659 sua.

676 2679 755 2713 Quae
771 2678 804 2708 in
822 2678 978 2708 Arachnes
990 2679 1051 2708 tela
1063 2679 1158 2718 picta.

236 2729 391 2760 Arachne
409 2734 534 2768 autem,
550 2735 587 2761 ut
605 2730 777 2761 videretur
804 2740 862 2771 per
877 2740 981 2770 opera
1005 2731 1222 2771 respondisse
1245 2732 1468 2772 contentioni,
1484 2733 1561 2764 telae
1578 2743 1648 2765 suae

236 2783 383 2814 intexuit
405 2783 524 2816 Jovem
548 2784 582 2815 in
610 2788 744 2815 taurum
763 2793 893 2815 versum
913 2785 955 2816 ob
969 2785 1112 2826 Europae
1139 2794 1298 2817 amorem.
1344 2786 1498 2818 Eundem
1518 2785 1598 2819 fecit
1615 2787 1649 2818 in
