1831 3023
555 228 1024 263 META'MORPHOSEON
1059 230 1156 262 mn.
1189 232 1261 262 ix.
1521 223 1665 266 1385.

187 327 332 378 Quam
349 330 473 379 bene,
495 327 661 376 Caune,
676 337 779 365 meo
800 328 975 378 poteras
995 336 1122 378 gener
1142 337 1239 365 esse
1257 325 1451 378 parenti!

186 394 360 446 Omnia,
383 397 443 438 Di
463 395 668 442 facerent,
689 396 835 432 essent
855 392 1105 433 communia
1123 392 1268 442 nobis,

187 460 356 504 Praeter
375 475 496 504 avos.
555 458 624 499 Tu
645 471 715 498 me
737 458 894 499 vellem
919 458 1166 512 generosior
1186 470 1322 498 esses.

187 526 356 569 Nescio
377 540 507 581 quam
527 525 664 566 facies
685 524 829 576 igitur,
853 525 1152 577 pulcherrime,
1172 528 1350 565 matrem
1367 538 1377 566 :

185 592 246 633 At
262 594 384 643 mihi,
407 606 506 646 quae
526 591 637 632 male
659 604 770 639 sum,
792 604 902 643 quos
924 596 989 639 tu,
1013 591 1168 631 sortita
1188 596 1409 643 parentes,

187 658 264 699 Nil
285 660 370 700 nisi
390 659 519 700 frater
538 658 636 698 eris.
695 656 827 706 Quod
846 658 986 706 obest,
1008 656 1052 697 id
1073 657 1331 698 habebimus
1352 671 1502 700 unum.

187 724 308 775 Quid
327 726 432 766 mihi
453 723 701 777 significant
720 736 822 776 ergo
842 736 940 764 mea
961 724 1091 764 visa?
1124 723 1243 777 quod
1263 730 1413 766 autem

184 792 364 833 Somnia
384 791 559 846 pondus
579 790 773 832 habent?
804 803 858 831 an
878 790 1040 832 habent
1059 794 1100 831 et
1120 791 1289 832 somnia
1308 792 1515 846 pondus?
1550 791 1636 833 495

185 858 244 898 Di
263 859 417 900 melius
435 860 444 899 !
477 858 537 899 Di
554 871 709 912 nempe
730 871 833 899 suas
852 859 1042 899 habuere
1059 871 1244 900 sorores.

183 924 259 966 Sic
280 925 498 967 Saturnus
520 926 668 980 Opim,
684 925 884 980 junctam
905 927 988 967 sibi
1009 927 1233 977 sanguine,
1254 925 1395 976 duxit,

184 990 384 1034 Oceanus
405 993 593 1048 Tethyn,
619 993 647 1035 J
651 1006 839 1034 unonem
860 1000 1002 1034 rector
1023 993 1217 1046 Olympi.

185 1057 296 1100 Sunt
314 1059 494 1114 Superis
514 1074 593 1102 sua
606 1062 723 1116 jura.
786 1059 909 1110 Quid
931 1060 988 1100 ad
1011 1059 1212 1101 coelestia
1231 1058 1340 1100 ritus

187 1123 369 1178 Exigere
384 1127 614 1177 humanos,
637 1127 898 1180 diversaque
916 1126 1083 1168 foedera
1103 1126 1252 1167 tento?

183 1189 278 1231 Aut
296 1196 445 1234 nostro
467 1194 627 1234 vetitus
647 1185 851 1235 de‘corde
872 1193 1087 1246 fugabitur
1107 1192 1232 1234 ardor
1249 1206 1258 1234 ε

184 1257 291 1308 Aut,
310 1260 393 1300 hoc
413 1261 450 1301 si
470 1273 658 1313 nequeo,
678 1273 854 1314 peream
872 1273 1028 1314 precor
1048 1264 1146 1300 ante
1165 1273 1176 1310 3
1208 1263 1389 1311 toroque

1552 459 1637 501 490

1552 1124 1638 1166 500

179 1396 278 1436 patri,
297 1397 401 1427 Caane
414 1398 430 1428 l
461 1399 508 1429 Di
522 1402 703 1437 annuerent,
718 1400 821 1430 omnia
835 1403 934 1430 essent
949 1399 1036 1429 nobis
1050 1398 1234 1436 communia,
1257 1400 1376 1437 praeter
1390 1404 1461 1426 aeos
1471 1405 1481 1425 .·
1502 1398 1640 1434 optarem

181 1442 216 1468 tu
231 1448 278 1468 me
292 1448 370 1469 esses
384 1440 483 1480 stirpe
498 1440 651 1472 nobiliori.
696 1442 809 1472 Nescio
824 1452 915 1481 quam
931 1442 1033 1480 igitur
1054 1440 1218 1481 praestabis
1232 1443 1375 1475 matrem,
1389 1437 1614 1475 formosissime
1627 1448 1639 1474 ;

181 1484 215 1511 at
227 1481 316 1518 mihi,
333 1491 398 1521 quae
414 1483 491 1513 male
505 1483 598 1513 habui
617 1483 734 1514 eosdem
747 1487 894 1524 parentes
915 1493 987 1523 quos
1001 1486 1036 1514 tu
1052 1483 1191 1514 sortitus
1207 1491 1255 1521 es,
1279 1482 1361 1512 nihil
1375 1481 1439 1512 eris
1454 1480 1515 1512 nisi
1519 1479 1639 1517 frater.

183 1522 374 1554 Habebimus
387 1525 420 1554 id
435 1535 527 1555 unam
543 1526 623 1565 quod
638 1528 734 1557 nocet.
781 1526 866 1561 Quid
881 1535 956 1565 ergo
971 1525 1048 1556 mihi
1060 1525 1226 1564 designant
1240 1534 1307 1556 mea
1320 1521 1413 1555 visa?
1459 1523 1561 1558 Quam
1577 1522 1640 1553 vim

181 1568 283 1596 autem
298 1565 407 1597 habent
422 1567 520 1598 somni
546 1568 722 1607 imagines?
749 1577 788 1598 an
804 1572 834 1599 et
859 1568 956 1599 somni
983 1568 1135 1607 imagines
1158 1568 1220 1598 vim
1245 1565 1384 1599 habene?
1430 1566 1490 1597 Dii
1505 1564 1641 1596 melius!

184 1608 246 1638 Dia·
261 1608 406 1639 nimirum
421 1611 578 1641 duxerunt
591 1620 664 1641 suas
677 1620 807 1641 sorores.
853 1611 907 1642 Sic
933 1611 1088 1642 Saturnus
1113 1610 1220 1641 habuit
1246 1610 1340 1649 Opim
1362 1609 1423 1640 eibi
1448 1608 1641 1646 conjunctam

181 1651 342 1690 xanguine,
368 1651 506 1682 Oceanus
534 1653 664 1693 Tethyn,
691 1655 866 1684 moderator
889 1653 1015 1694 Olympi
1037 1654 1203 1683 Junonem.
1249 1652 1309 1682 Dii
1331 1651 1445 1683 habent
1466 1660 1523 1681 sua
1538 1649 1641 1688 jura3

180 1693 374 1731 quamobrem
394 1704 538 1734 compono
562 1695 792 1725 consuetudines
815 1696 962 1725 humanas
987 1705 1055 1725 cum
1079 1695 1273 1730 coelestihufl
1304 1697 1395 1733 atque
1417 1693 1518 1724 ambio
1539 1693 1642 1722 aliena

176 1732 322 1774 soedem?
371 1735 426 1767 Vel
440 1746 524 1767 amor
535 1737 712 1777 prohibitae
724 1737 890 1775 abjicietur
902 1747 941 1768 ex
956 1740 1058 1768 nostro
1071 1738 1159 1768 corde
1171 1747 1182 1773 ;
1204 1737 1262 1775 tel,
1276 1736 1304 1766 si
1318 1736 1401 1767 istud
1416 1745 1476 1766 non
1491 1735 1574 1771 licet,
1588 1742 1641 1763 oro

795 1842 1028 1853 emo-eece

184 1901 248 1937 pot.
295 1899 441 1932 Quidam
469 1901 558 1932 hunc
589 1911 635 1932 vs.
663 1901 944 1933 omittam—490
970 1900 1129 1932 Heidelb.
1152 1904 1182 1931 et
1207 1909 1267 1940 pro
1291 1903 1334 1931 lu.
1378 1900 1506 1940 Tanaq.
1530 1898 1641 1930 Faber

185 1942 258 1972 haec
272 1951 484 1983 concoquere
500 1953 565 1973 non
583 1948 730 1983 poterat.
744 1943 919 1974 Suadebat
936 1944 1039 1983 igitur
1056 1944 1155 1974 Proet.
1171 1953 1261 1973 aros:
1283 1944 1392 1973 saltem
1407 1942 1553 1979 sacer-ent
1568 1943 1643 1972 alie-

184 1983 254 2013 nior
269 1988 466 2016 emm—492
489 1986 533 2015 Ae
559 1985 656 2016 dedit
687 1985 804 2016 Heius.
821 1995 863 2016 ex
879 1986 1035 2026 scriptis;
1059 1986 1154 2016 multi
1180 1985 1242 2015 Ee.-
1266 1984 1416 2015 nonnulli
1433 1985 1534 2015 etiam
1563 1984 1641 2014 Hei.

184 2027 289 2055 ——493
315 2026 435 2057 Heius.
455 2033 553 2067 putat
569 2027 641 2058 haec
659 2028 820 2058 mendosa
844 2037 932 2066 esse,
957 2028 1010 2058 vel
1039 2027 1246 2064 adulterina;
1271 2035 1366 2066 posse
1383 2032 1497 2058 tamen
1520 2026 1642 2066 reponi

185 2067 218 2097 id
232 2066 300 2098 hab.
317 2072 495 2100 uum—49⁴
520 2070 629 2108 AEgrae
647 2079 709 2110 pro
724 2080 798 2109 ergo
813 2071 902 2110 conj.
926 2069 1046 2100 Heius.
1068 2069 1132 2100 nisi
1149 2069 1255 2099 mavis
1278 2078 1354 2099 cum
1369 2078 1436 2100 uno
1452 2069 1560 2100 Gron.
1583 2069 1642 2098 mi-

184 2118 270 2141 aeroe.
317 2111 453 2142 Deinde
471 2111 631 2142 Heidelb.
648 2112 721 2152 quid
736 2114 956 2143 autema-495
983 2111 1075 2142 Med.
1093 2117 1129 2142 et
1144 2117 1214 2142 tres
1231 2110 1287 2141 alii
1303 2121 1343 2141 an
1363 2110 1432 2141 hab.
1459 2111 1524 2142 haec
1545 2120 1640 2141 somn.

186 2151 321 2192 Pragm.
339 2153 471 2184 Caesen.
487 2154 556 2185 hab.
572 2154 748 2186 hem—497
774 2154 924 2185 Berolin.
953 2154 1056 2185 habet
1074 2154 1183 2194 Opem.
1217 2152 1257 2183 In
1280 2153 1322 2183 V.
1347 2161 1480 2194 unoque
1506 2151 1640 2185 Ciofani

184 2203 274 2234 sang.
288 2196 520 2235 juncia—499
545 2196 664 2229 Heius.
687 2197 782 2229 malit
803 2197 875 2228 Sint
893 2196 1077 2237 San—502
1100 2197 1183 2228 Ante
1209 2195 1378 2233 meliores,
1404 2199 1493 2227 teste
1522 2195 1642 2227 Heius.

825 2347 832 2352 ,
846 2308 985 2341 NOTAE

229 2384 293 2414 490
333 2381 534 2421 Genera-sior]
572 2381 754 2422 Nobiliori,
784 2387 887 2424 atque

188 2431 273 2464 adeo
289 2432 367 2472 alia,
383 2432 489 2472 stirpe
505 2432 681 2463 oriundus:
708 2438 745 2464 ut
761 2434 888 2464 nullum

189 2482 338 2523 conjugii
365 2482 454 2523 quod
483 2482 626 2523 optabat
654 2482 773 2523 Byblis
798 2488 889 2516 esset

191 2542 251 2573 per
266 2534 464 2573 sanguinem
480 2533 769 2573 impedimentum.

233 2584 296 2613 496
318 2582 365 2613 Di
379 2582 498 2623 nempe]
523 2582 614 2614 Mire
634 2581 830 2615 fluctuantis
853 2590 890 2617 et

193 2632 366 2662 aestuantis
393 2632 539 2663 animum
570 2633 739 2672 expressit
768 2633 888 2674 Poeta,

192 2691 267 2712 cum
284 2681 332 2712 iu
349 2690 466 2722 presse
479 2687 683 2714 annuentem
695 2687 731 2715 et
743 2683 890 2716 abnuen-

194 2737 260 2762 tem
277 2730 498 2771 excogitavit.

236 2783 296 2813 497
334 2779 445 2821 Opim]
479 2781 565 2814 Qut
597 2781 682 2814 Coeli
711 2781 793 2824 filia,
817 2785 891 2816 aliis

942 2383 1129 2415 nominibus
1144 2383 1287 2424 Cybele,
1303 2383 1411 2423 Rhea,
1427 2383 1555 2424 Magna
1569 2383 1640 2414 Ma-

941 2439 996 2466 ter
1011 2439 1148 2473 vocata,
1161 2433 1259 2466 fratri
1274 2434 1421 2465 Saturno
1437 2433 1562 2474 nupsit.

984 2487 1047 2516 498
1073 2484 1207 2525 Tethyn]
1241 2485 1327 2516 Quae
1352 2484 1437 2516 Coeli
1461 2489 1497 2516 et
1525 2484 1640 2514 vesta„-

941 2534 1011 2566 filia
1027 2534 1168 2567 Oceano
1182 2534 1282 2566 fratri
1302 2536 1427 2576 nupsit.

984 2589 1048 2618 499
1070 2587 1150 2618 &ant
1166 2585 1311 2627 Superis]
1334 2586 1424 2617 Deos
1447 2585 1509 2615 sibi
1530 2593 1643 2614 exeni-

942 2637 998 2678 plo
1014 2646 1089 2668 esse
1106 2637 1233 2668 debere
1246 2640 1359 2676 negat.
1404 2635 1456 2665 An
1470 2644 1512 2664 cx
1529 2633 1641 2665 au‘uno

941 2697 1018 2719 mox
1035 2687 1181 2728 patebit.

984 2741 1047 2769 500
1073 2736 1225 2776 Diversa]
1257 2735 1335 2767 Alia
1359 2734 1448 2766 enim
1476 2735 1640 2775 Deorum,

943 2787 1008 2820 alia
1023 2787 1203 2819 hominum.
