1831 3023
551 207 682 239 ΜΕΤΑ
691 205 1021 236 nioRPHOSEoN
1057 206 1151 236 Lm.
1184 207 1251 238 ιν.
1520 201 1633 243 1079

182 302 385 343 Flumina
401 300 641 354 gaudebat;
673 300 818 341 studio
837 300 1053 341 minuente
1072 300 1280 341 laborem.
1545 303 1632 344 295

181 369 260 410 Ille
280 371 407 409 etiam
430 367 590 421 Lycias
611 369 758 417 urbes,
782 367 1022 422 Lyciaeque
1044 368 1312 421 propinquos

179 436 314 476 Caras
334 435 435 477 adit.
497 435 634 475 Videt
653 435 723 475 hic
745 438 945 488 stagnum
965 435 1152 476 lucentis
1174 434 1231 475 ad
1251 434 1387 474 imum

179 502 330 555 Usque
350 503 490 543 solum
510 502 716 556 lymphae.
777 502 882 544 Non
902 503 993 544 illic
1017 514 1158 543 canna
1176 501 1401 555 palustris,

177 569 276 610 Nec
298 571 465 610 steriles
485 570 617 619 ulvae,
638 583 715 611 nec
735 576 865 611 acuta
886 570 1065 623 cuspide
1080 570 1202 624 junci
1220 583 1229 610 ε

176 636 442 690 Perspicuus
463 637 609 690 liquor
631 642 717 679 est.
779 638 929 692 Stagni
950 643 1098 679 tamen
1118 637 1272 678 ultima
1290 636 1394 678 vivo
1545 635 1631 676 300

173 701 349 757 Cespite
369 705 610 757 cinguntur,
635 718 892 759 semperque
913 706 1153 746 virentibus
1174 704 1335 745 herbis.

173 769 386 824 Nympha
404 772 532 813 colit:
565 773 640 812 sed
662 785 745 813 nec
766 774 997 814 venatibus
1020 775 1138 826 apta,
1160 784 1239 812 nec
1259 783 1389 811 arcus

172 837 371 880 Flectere
393 853 492 893 quae
515 841 669 890 soleat,
689 854 769 882 nec
793 854 892 894 quae
917 840 1176 882 contendere
1197 851 1328 880 cursu
1347 852 1357 889 ;

171 905 364 960 Solaque
387 907 611 948 Naiadum
635 909 765 949 celeri
783 922 868 949 non
886 913 991 950 nota
1011 908 1186 949 Dianae.

174 972 305 1027 Saepe
327 988 429 1016 suas
449 976 513 1016 illi
533 976 653 1017 fama
671 980 740 1017 est
759 976 929 1017 dixisse
950 987 1143 1016 sorores:
1545 972 1631 1013 305

171 1039 382 1091 Salmaci,
406 1043 474 1083 vel
488 1043 704 1097 jaculum,
726 1043 796 1083 vel
817 1043 960 1096 pictas
981 1055 1102 1083 sume
1122 1042 1370 1096 pharetras;

170 1106 226 1147 Et
245 1111 324 1148 tua
344 1122 443 1150 cum
462 1110 580 1151 duris
600 1111 831 1151 venatibus
854 1111 945 1152 otia
962 1111 1114 1151 misce.

172 1173 267 1215 Nec
283 1176 482 1229 jaculum
502 1179 649 1226 sumit,
668 1190 750 1218 nec
772 1178 918 1230 pictas
938 1178 1016 1218 illa
1035 1177 1264 1228 pharetras
1281 1189 1292 1224 ;

171 1241 266 1282 Nec
287 1256 368 1283 sua
389 1257 489 1283 cum
509 1245 630 1284 duris
653 1245 884 1284 venatibus
905 1244 997 1282 otia
1015 1243 1181 1282 miscet.

169 1307 257 1348 Sed
277 1308 411 1349 modo
432 1309 548 1349 fonte
568 1322 649 1349 suo
670 1309 888 1348 formosos
908 1306 1071 1361 perluit
1093 1311 1212 1349 artus
1231 1320 1241 1348 t
1541 1306 1628 1347 310

168 1375 300 1429 Saepe
321 1373 555 1429 Cytoriaco
576 1375 756 1416 deducit
774 1374 948 1428 pectine
970 1374 1141 1426 crines;

169 1442 224 1484 Et
244 1443 350 1496 quid
370 1456 418 1484 se
441 1443 607 1493 deceat,
626 1446 854 1496 spectatas
875 1442 1069 1484 consulit
1087 1442 1245 1483 undas.

164 1595 286 1617 cernere
293 1585 412 1627 fluvios
424 1586 556 1627 ignotos,
569 1589 742 1628 cupiditate
757 1588 877 1620 levante
888 1589 1030 1620 laborem.
1077 1588 1138 1619 Ille
1154 1587 1250 1618 etiam
1261 1586 1368 1617 invisit
1384 1585 1474 1616 urbes
1490 1584 1618 1625 Lycias,

164 1631 196 1660 et
214 1629 314 1660 Caras
327 1631 532 1660 conterminos
546 1631 670 1672 Lyciis.
715 1631 781 1661 Hic
795 1631 911 1672 aspicit
925 1633 1026 1662 lacum
1034 1640 1124 1671 aquae
1136 1630 1308 1670 perspicme
1321 1638 1413 1668 usqne
1426 1629 1465 1658 ad
1483 1627 1625 1658 ultimum

158 1670 306 1709 fundum.
353 1673 424 1703 Illic
438 1683 536 1713 neque
556 1675 674 1704 arundo
698 1674 861 1713 palustris,
877 1683 972 1715 neque
988 1674 1064 1704 ulvae
1079 1673 1217 1710 inutiles,
1231 1681 1326 1712 neque
1344 1671 1435 1709 junci
1450 1673 1541 1701 acuta
1555 1679 1624 1700 cus-

162 1714 247 1754 pide.
290 1715 380 1755 Aqua
405 1719 449 1746 est
474 1717 638 1755 pellucido.
684 1717 801 1756 Margo
826 1720 929 1748 tamen
953 1716 1060 1755 stag-ni
1083 1715 1295 1747 circumdatur
1321 1713 1412 1754 gleba
1437 1712 1568 1751 tir-ente,
1595 1716 1626 1743 et

162 1757 308 1795 gramine
324 1768 442 1798 semper
457 1759 564 1789 viridi.
611 1759 760 1800 Nympha
779 1759 985 1800 srequentat;
1007 1759 1062 1790 sed
1086 1768 1181 1798 neque
1204 1761 1277 1798 apta
1300 1758 1467 1796 venationi,
1487 1765 1543 1786 nec
1555 1764 1626 1795 quae

165 1800 356 1830 consueverit
374 1810 502 1830 curtare
524 1811 627 1840 arcus,
646 1812 700 1831 nec
715 1805 836 1832 certare
850 1811 967 1837 cursu,·
991 1804 1021 1832 et
1043 1801 1107 1831 sola
1130 1801 1287 1831 Naiadum
1310 1809 1369 1830 non
1391 1799 1515 1837 cognita
1530 1797 1625 1828 veloci

167 1840 293 1871 Dianae.
345 1842 439 1872 Fama
451 1845 495 1872 est
512 1852 582 1873 suas
595 1853 713 1874 sorores
728 1853 809 1883 saepe
820 1844 869 1874 illi
885 1843 1016 1881 dixisse,
1029 1842 1178 1881 Salmaci,
1193 1852 1266 1882 cape
1280 1842 1431 1879 jaculum,
1455 1841 1501 1870 vel
1513 1839 1626 1880 phare-

165 1885 232 1913 tras
254 1884 461 1923 versicolores,
485 1887 516 1913 et
539 1886 630 1915 misce
657 1889 711 1915 tua
732 1887 797 1915 otia
822 1895 891 1916 cum
916 1885 1079 1916 laboriosis
1103 1884 1272 1916 venatibus.
1321 1883 1428 1923 Neque
1457 1883 1513 1913 illa
1541 1882 1625 1922 capit

156 1924 313 1963 jaculum,
339 1935 434 1966 neque
455 1926 559 1965 pictas
577 1926 756 1966 pharetras,
782 1935 878 1966 neque
903 1928 1011 1957 miscet
1031 1936 1088 1956 sua
1106 1927 1171 1956 otia
1195 1935 1265 1956 cum
1279 1925 1439 1955 laboriosis
1453 1924 1624 1954 venatibus.

165 1966 229 1998 Sed
244 1970 365 1998 tantum
383 1968 468 1998 lavat
480 1969 610 2008 pulchra
626 1968 761 1999 membra
773 1967 908 2006 insonte
921 1978 991 1999 suo:
1014 1978 1094 2008 soepe
1114 1968 1212 2008 pectit
1226 1967 1352 2007 capillos
1366 1968 1489 2007 pectine
1503 1966 1601 1997 buxeo
1614 1976 1626 2003 ,·

163 2012 195 2040 et
208 2010 341 2041 consulit
367 2020 461 2051 aquas
489 2014 657 2052 spectatas,
681 2011 754 2052 quid
777 2010 837 2042 sibi
861 2011 1038 2042 conveniat:
1062 2011 1219 2042 interdum
1237 2011 1349 2041 induta
1374 2019 1484 2049 corpus
1509 2009 1624 2040 vestitu

160 2193 263 2225 studio
285 2197 481 2230 removente,-
517 2203 600 2224 unus
627 2193 747 2225 Heius.
765 2192 1017 2231 fallente.—298
1040 2193 1100 2224 Pr.
1124 2193 1200 2224 Pal.
1228 2203 1279 2234 pr.
1304 2192 1480 2224 Erfurtan.
1497 2196 1532 2224 et
1549 2196 1620 2224 tres

163 2237 331 2268 aliisolum
346 2237 609 2277 nympham—304
633 2236 778 2268 Abbatis
805 2236 892 2267 liber
915 2236 1027 2267 celebri
1042 2246 1110 2267 non.
1156 2235 1351 2267 Dubitabat
1376 2235 1493 2267 Heius.
1509 2245 1620 2267 annon

163 2284 346 2320 praestaret
371 2283 442 2309 cota
469 2280 705 2310 Dianae.—307
731 2279 826 2310 Unus
853 2278 971 2309 Heins.
997 2280 1063 2310 Nec
1085 2289 1140 2310 sua
1154 2289 1246 2315 cum,·
1269 2279 1343 2319 ipse
1360 2279 1431 2308 vult
1451 2279 1495 2309 Et
1509 2288 1621 2310 sua.—

162 2324 226 2353 2⁰8
249 2322 401 2353 Berolin.
418 2322 560 2360 jaculum
585 2322 815 2353 sumsuh—310
840 2321 899 2353 Pr.
924 2321 1020 2353 Med.
1048 2322 1220 2362 Bcrnegg.
1237 2326 1273 2352 et
1287 2327 1358 2352 tres
1373 2321 1429 2351 alii
1443 2321 1561 2362 proluit
1575 2330 1624 2351 ar-

161 2367 329 2396 tum—311
357 2365 566 2406 Plerumque
596 2365 722 2406 legitur
761 2365 850 2405 Soepe
882 2364 1077 2406 Cytheriaco.
1121 2364 1249 2406 Scalig.
1287 2364 1409 2395 diducit
1444 2363 1619 2405 pectine.—

810 2478 951 2511 NOTAE

203 2565 268 2596 2⁹6
290 2562 423 2604 Lycias]
457 2564 518 2595 Est
535 2563 638 2604 Lycia
653 2563 744 2595 Asiae
760 2562 864 2594 mino·
917 2563 1005 2595 Sunt
1019 2566 1133 2595 autem
1149 2563 1254 2595 Cares
1269 2562 1376 2595 Curiae
1394 2562 1525 2601 inc01ae,
1542 2562 1621 2603 Jux-

163 2613 207 2644 ris
242 2614 420 2654 provincia
449 2615 490 2645 ad
528 2625 621 2646 mare
661 2613 865 2646 Mediterra-
919 2617 954 2644 ta
971 2613 1119 2654 Lyciam.

163 2671 277 2702 neum,
289 2667 347 2694 aut
363 2664 436 2705 ejus
465 2670 596 2706 partem
613 2663 704 2706 quod
725 2674 744 2695 a
760 2663 866 2705 Lycia
961 2665 1022 2694 311
1060 2662 1242 2706 Cytoriaco]
1285 2664 1415 2701 auxen,
1442 2671 1461 2693 a
1491 2659 1619 2702 Cytoro

166 2711 309 2752 Lycium
323 2713 461 2746 dicitur.
920 2713 1067 2746 Galatiae
1083 2718 1200 2746 monte
1217 2713 1305 2745 buxo
1319 2710 1458 2744 celebri.

207 2764 269 2793 20?
309 2762 423 2801 Caras]
457 2764 679 2797 Accusativus
709 2765 865 2797 Gnaecus.
