1831 3023
488 233 960 266 METAMORPHOSEON
995 235 1090 264 ΜΒ.
1122 237 1186 266 iv.
1457 228 1570 270 1105

117 329 415 379 Cunctantem,
433 332 475 369 et
491 327 681 382 placidis
700 329 958 369 miscentem
979 328 1105 370 sortia
1125 329 1270 371 dictis.

115 398 299 440 Viribus
317 398 506 447 inferior,
528 397 652 451 (quis
672 397 784 437 enim
806 409 886 450 par
905 402 1024 438 esset
1045 396 1215 439 Atlanti

113 464 296 507 Viribus
310 463 351 517 Τ)
380 464 442 505 At
460 465 666 518 quoniam
686 465 810 518 parvi
831 465 913 505 tibi
934 465 1076 516 gratia
1095 469 1246 506 nostra
1266 470 1358 518 est3

112 532 282 586 Accipe
301 545 474 582 munus,
494 533 579 572 ait:
610 532 813 586 laevaque
833 545 860 573 a
879 536 1005 585 parte
1027 532 1231 574 Medusae

112 599 219 653 Ipse
238 603 509 640 retroversus
531 599 778 653 squalentia
797 598 991 653 prodidit
1011 612 1098 640 ora.
1482 600 1567 642 655

111 664 317 716 Quantus
336 670 442 716 erat,
462 679 589 708 mons
609 667 754 708 factus
771 666 913 708 Atlas.
973 666 1002 708 J
1007 679 1078 708 am
1097 668 1235 708 barba
1256 679 1487 722 comaeque

111 733 163 774 In
182 734 334 788 sylvas
355 735 544 776 abeunt:
571 734 685 788 juga
706 741 807 775 suut
829 734 1082 788 humerique
1100 747 1358 788 manusque.

109 800 241 851 Quod
262 807 396 856 caput
416 805 513 843 ante
531 802 625 852 fuit,
648 814 818 843 summo
841 807 911 843 est
935 801 980 842 in
1000 805 1145 842 monte
1165 814 1393 843 cacumen.

110 868 228 910 Ossa
247 869 364 924 lapis
384 869 504 910 fiunt.
563 868 678 909 Tum
699 874 849 922 partes
872 872 1029 910 auctus
1050 868 1093 909 in
1117 881 1268 910 omnes

108 934 254 977 Crevit
275 937 317 976 in
338 938 615 985 immensum,
637 935 726 990 (sic
748 935 809 977 Di
828 934 1090 989 statuistis,)
1115 940 1160 977 et
1180 949 1308 977 omne
1480 936 1565 978 660

107 1000 219 1044 Cum
240 1007 303 1044 tot
323 1003 537 1044 sideribus
560 1004 719 1046 coelum
739 1005 951 1058 requievit
977 1004 1022 1044 in
1043 1003 1135 1045 illo.

105 1190 222 1233 Fan.
244 1192 392 1235 XIX.
437 1193 586 1248 Virgae
608 1196 825 1248 su'bjectae
850 1194 1072 1248 Gorgonis
1095 1194 1232 1248 capiti
1255 1195 1299 1234 in
1322 1194 1562 1237 Curalium.

103 1291 266 1323 Pnsx-:us
283 1302 345 1332 per
360 1293 565 1332 AEthiopiam
582 1293 650 1323 iter
665 1292 810 1329 faciens,
825 1297 1001 1333 postquam
1019 1293 1272 1323 Andromedam
1291 1297 1434 1333 propter
1448 1302 1565 1333 super—

145 1344 233 1376 biam
251 1345 380 1382 matris,
397 1355 472 1386 qnae
490 1355 526 1376 se
543 1344 778 1386 Nympharum
795 1345 1036 1385 pulchritudini
1054 1345 1265 1386 praetulerat,
1280 1355 1361 1376 saxo
1377 1345 1562 1385 alligatam,

145 1407 184 1428 ac
198 1397 337 1428 marinae
355 1397 477 1429 belluae
494 1398 662 1438 objectam
681 1398 777 1438 vidit,
794 1402 914 1439 captus
940 1398 1056 1438 specie
1081 1399 1154 1439 ejus
1181 1399 1320 1429 exarsit.
1364 1398 1562 1439 pactusque

144 1460 164 1482 a
180 1450 317 1492 Cepheo
340 1456 376 1482 et
405 1452 589 1492 Cassiopea
607 1451 804 1492 parentibus
824 1451 975 1491 virginis,
990 1456 1027 1482 ut
1051 1451 1113 1482 sibi
1139 1452 1355 1482 matrimonio
1371 1461 1445 1483 eam
1462 1452 1561 1484 cede-

143 1507 233 1542 rent,
258 1504 285 1534 si
314 1503 459 1535 belluam
476 1504 718 1543 interemisset,
734 1504 804 1535 voti
831 1513 969 1544 compos
999 1503 1109 1535 factus
1134 1510 1198 1536 est.
1244 1503 1433 1536 Interfecto
1456 1505 1563 1546 igitur

141 1561 308 1597 monstro,
324 1558 464 1598 cupiens
479 1557 708 1599 requiescere,
723 1567 765 1589 ne
788 1564 894 1599 caput
911 1558 1081 1599 Gorgonis
1106 1558 1259 1597 laederet,
1285 1558 1429 1597 virgulas
1455 1559 1560 1589 lectas

143 1609 176 1640 in
202 1610 318 1642 littore
342 1611 497 1651 subjecit.
542 1612 589 1642 Et
612 1611 663 1643 11ae
689 1611 805 1643 subter
829 1611 1068 1651 induruerunt,
1093 1612 1142 1643 ita
1158 1617 1206 1650 nt,
1223 1612 1358 1653 adeptis
1375 1611 1560 1650 radicibus,

142 1665 315 1704 sanguinei
332 1666 454 1696 coloris
479 1666 513 1696 in
541 1666 624 1696 mari
652 1671 689 1697 ut
713 1665 902 1698 arbusculae
920 1671 1152 1705 nascerentur,
1168 1676 1242 1708 quae
1259 1675 1378 1698 nomen
1394 1665 1561 1697 haberent

141 1718 315 1750 curalium.

99 1790 427 1849 CLAUSERAT
451 1809 736 1864 Hippotades
757 1815 920 1852 aeterno
941 1824 1117 1852 carcere
1135 1817 1316 1852 ventos:

98 1908 277 1945 herentem,
290 1911 319 1937 et
343 1908 519 1938 miscentem
543 1907 633 1938 rerba
650 1917 759 1947 aspera
776 1908 911 1939 mitibus.
957 1908 1066 1938 Minor
1083 1908 1210 1946 riribus,
1225 1909 1317 1947 (nam
1343 1908 1412 1948 quis
1432 1908 1558 1948 ‹equalis

97 1953 175 1980 euet
190 1949 313 1980 Atlanti
330 1950 445 1980 viribus
455 1948 493 1988 ?)
516 1951 560 1980 At
572 1950 827 1989 quandoquidem,
841 1951 952 1990 inquit,
962 1953 1070 1989 gratia
1081 1954 1184 1980 nostra
1201 1950 1260 1981 tibi
1272 1954 1315 1980 est
1328 1950 1429 1990 parti,
1443 1952 1556 1981 donum

97 1991 194 2023 habe:
217 1994 247 2023 et
273 1992 337 2032 ipse
364 1995 446 2022 retro
473 1992 624 2032 aspiciens
649 1992 783 2022 ostendit
809 2003 827 2022 a
851 1996 942 2032 purte
967 1992 1096 2023 sinistra
1121 1993 1223 2023 rullus
1245 1992 1386 2023 horridos
1403 1993 1554 2024 Medusae.

97 2036 189 2066 Atlas
203 2038 336 2074 quamtus
351 2037 417 2064 erat
433 2038 570 2065 mutatus
592 2035 624 2065 in
640 2038 782 2065 montem.
826 2035 900 2065 Jum
923 2035 1016 2065 barba
1032 2039 1061 2065 et
1078 2035 1181 2075 capilli
1197 2035 1287 2076 fiunt
1301 2036 1395 2076 sylrae
1409 2046 1418 2065 .·
1437 2035 1556 2066 humeri

96 2081 127 2109 et
142 2087 250 2108 manus
263 2081 333 2108 sunt
348 2078 487 2108 vertices.
535 2077 624 2112 Quod
631 2077 700 2115 suit
714 2080 786 2107 aute
798 2080 901 2117 caput,
916 2082 960 2109 est
969 2076 1140 2116 fastigium
1153 2078 1183 2108 in
1200 2078 1306 2108 ultimo
1324 2081 1435 2109 mame.
1477 2078 1555 2108 Ossa

96 2123 258 2152 mudantur
274 2121 304 2150 in
320 2130 410 2150 saxa.
459 2120 536 2151 Tum
549 2123 658 2151 auctus
673 2121 705 2150 in
721 2130 808 2150 omne
821 2121 902 2151 lutus
916 2121 1055 2152 surrexit
1077 2121 1110 2151 in
1126 2121 1318 2159 immensum,
1333 2122 1403 2161 (ita
1418 2120 1557 2152 roluistis

97 2162 179 2202 Dii)
193 2166 223 2193 et
238 2166 335 2194 totum
347 2163 451 2193 cadum
466 2173 533 2193 cum
545 2166 591 2193 tot
607 2163 702 2193 astri-s
714 2162 865 2203 requierit
884 2163 917 2193 in
934 2164 998 2194 illo.

139 2214 216 2237 nx.
240 2206 436 2246 Hippotades
449 2209 639 2246 oppresserat
662 2215 765 2236 omnes
786 2209 892 2236 tentos
916 2216 1038 2237 carcere
1055 2210 1193 2243 oeteruo;
1217 2210 1246 2237 et
1263 2205 1390 2244 Lucifer
1413 2206 1556 2237 hortator

708 2280 725 2290 e
730 2280 942 2290 moverem

95 2320 201 2350 -662
223 2318 349 2350 Atlanti
367 2319 516 2360 quinque
532 2319 650 2359 scripti
668 2329 728 2360 pro
747 2319 834 2357 vulg.
850 2319 1109 2350 Atlantia-053
1127 2320 1166 2350 In
1185 2319 1351 2349 Dominio.
1369 2319 1427 2349 tihi
1440 2319 1554 2357 gloria.

96 2360 198 2392 Multi
215 2361 324 2392 Codd.
341 2363 443 2393 etiam
460 2362 557 2392 nostri
581 2365 745 2393 est—655
771 2362 829 2393 l’r.
847 2362 954 2393 Gron.
968 2363 1196 2403 squalentiaque
1211 2363 1326 2393 e.r!ulit
1353 2373 1406 2392 oru
1422 2373 1431 2397 ,·
1455 2363 1553 2394 Voss.

93 2403 264 2444 squalentia
289 2405 449 2444 porrigit,·
475 2404 796 2436 Amstelaedamense
826 2405 959 2445 Fragm.
988 2406 1126 2445 optimae
1161 2412 1250 2435 1101ae
1276 2405 1436 2445 prodidit;
1461 2405 1553 2445 vulg.

91 2447 342 2487 protulit—656
367 2448 533 2488 Bernegg.
562 2453 597 2478 et
623 2457 707 2478 nnus
737 2447 854 2478 Helm.
880 2452 986 2478 tantus
1002 2457 1063 2488 pro
1083 2448 1204 2486 factus.
1228 2448 1382 2478 Berolin.
1412 2448 1555 2483 Quantus

94 2489 186 2520 Atlas
201 2490 403 2527 manusuetus
418 2494 496 2522 erae.
514 2491 608 2529 Nam,
623 2493 674 2530 dyc.
697 2491 772 2521 dam
791 2490 910 2522 Heius.
930 2491 1064 2531 recepit
1082 2500 1144 2531 pro
1158 2492 1248 2531 vulg.
1261 2501 1333 2521 nam
1349 2500 1390 2521 ex
1408 2495 1555 2531 quatuor

94 2532 354 2573 scriptia—059
378 2533 475 2571 Vulg.
489 2534 570 2564 attus
585 2535 617 2563 in
632 2543 757 2570 onmes,-
780 2533 835 2564 alii
849 2537 955 2564 actus.-
981 2534 1014 2564 in
1032 2544 1096 2564 nno
1111 2533 1244 2565 Ciot'ani
1260 2535 1379 2570 celsum
1402 2532 1552 2564 nonnulli

92 2577 212 2615 undu,
227 2576 317 2617 quod
335 2583 371 2607 et
389 2576 508 2607 Heius.
531 2585 646 2607 verum
675 2576 968 2608 existiman—062
993 2576 1111 2608 Heius.
1134 2576 1300 2608 suadebat
1316 2581 1437 2608 terreno
1458 2575 1551 2615 (sub-

751 2650 895 2682 NOTAE

136 2704 199 2732 652
231 2701 310 2737 Quin
323 2704 419 2745 enim]
456 2704 585 2736 Coelum
601 2707 793 2735 sustentare
849 2714 918 2743 um,
934 2705 1005 2735 viso
1022 2709 1186 2741 monstro,
1202 2708 1404 2734 mutaretur.

93 2751 271 2784 Atlantem
289 2752 440 2785 vidimus.
891 2757 954 2785 062
978 2754 1186 2795 Hippotaden]
1228 2753 1355 2790 sliolus,
1383 2751 1479 2784 Jovis
1507 2762 1550 2783 ex

135 2805 197 2833 6⁵5
226 2801 445 2844 Reti-eterna]
467 2804 521 2834 Ne
534 2805 662 2845 pariter
675 2805 708 2837 in
719 2815 793 2837 sax·
851 2803 979 2836 Acesta
990 2804 1166 2844 Hippotae,
1189 2813 1209 2834 a
1231 2812 1298 2845 quo
1322 2802 1553 2846 Hippotades,

180 2856 334 2897 Delphaee
357 2855 430 2888 γαν.
444 2857 528 2889 clus.
779 2857 874 2888 ovid.
1389 2859 1408 2887 4
1434 2858 1462 2887 A
