1831 3023
385 733 461 788 P.
522 730 885 789 OVIDII
956 726 1438 787 NASONIS

281 959 1537 1051 METAMORPHOSEON

712 1188 979 1246 'LrBER
1035 1201 1098 1244 V.

394 1597 512 1638 ΕΑΒ.
545 1597 582 1638 Ι.
645 1596 837 1636 Phineus
861 1600 903 1637 et
924 1597 1032 1636 socii
1051 1597 1146 1650 ejus
1173 1596 1214 1636 in
1237 1596 1421 1637 Saxum.

179 1716 449 1748 ANDROMEDAM
478 1717 607 1758 Cephei
633 1722 669 1748 et
686 1718 865 1757 Cassiopes
892 1716 1003 1755 filiam,
1033 1717 1064 1747 in
1089 1716 1260 1756 AEthiopia
1287 1716 1493 1757 propositam
1511 1715 1632 1747 belluae

221 1770 377 1810 marinae,
393 1771 538 1801 Perseus
551 1770 647 1801 Jovis
673 1775 708 1801 et
733 1769 866 1800 Danaes
894 1769 994 1807 filius,
1021 1768 1175 1799 Mednsae
1193 1769 1361 1809 Gorgonis
1388 1774 1492 1809 caput
1508 1768 1634 1808 terens,

222 1823 407 1862 paciscitur
422 1824 612 1863 conjugem,
624 1823 650 1853 si
664 1832 735 1853 eam
753 1823 903 1863 periculo
920 1823 1108 1854 liberasset.
1133 1824 1243 1853 Causa
1256 1827 1368 1852 autem
1384 1821 1634 1862 prostituendae

221 1875 384 1906 extiterat
402 1875 444 1905 ob
463 1875 648 1905 Nereidum
676 1876 771 1911 iram,
797 1885 936 1915 quarum
966 1875 1209 1915 pulchritudini
1226 1880 1335 1905 mater
1354 1885 1389 1905 se
1418 1874 1632 1915 praetulerat.

222 1928 384 1960 Perfecto
401 1928 504 1968 igitur
517 1939 534 1958 a
550 1929 675 1959 Perseo
692 1929 858 1969 pollicito,
876 1939 951 1960 cum
968 1929 1052 1959 fides
1070 1938 1088 1958 a
1106 1929 1242 1968 Cepheo
1260 1929 1424 1968 promissa
1440 1931 1531 1958 esset
1546 1937 1633 1968 prae-

223 1981 316 2021 stita,
341 1987 376 2012 et
403 1982 595 2021 nuptiarum
628 1983 856 2021 conjugalium
882 1982 990 2021 epulis
1018 1981 1186 2021 regalibus
1213 1981 1386 2020 principes
1415 1981 1633 2021 interessent,

220 2034 370 2064 Phineus
396 2034 515 2073 frater,
543 2035 596 2065 cui
621 2034 838 2065 Andromeda
855 2040 934 2066 ante
953 2035 1156 2074 desponsata
1173 2034 1297 2072 fuerat,
1323 2035 1557 2066 contumeliam
1570 2035 1634 2067 sibi

221 2086 416 2118 existimans
433 2088 663 2127 gravissimam
681 2088 878 2127 injunctam,
895 2088 983 2128 quod
1006 2088 1146 2118 advenae
1171 2088 1439 2127 consanguineus
1465 2088 1632 2129 postposi-

223 2144 276 2170 tus
295 2145 406 2178 esset3
432 2141 639 2171 vescentium
669 2141 795 2171 animos
825 2151 939 2181 pugna
965 2140 1132 2172 confudit.
1178 2142 1222 2171 Et
1248 2150 1323 2171 cnm
1350 2151 1401 2172 res
1434 2141 1632 2173 miserabilis

221 2192 453 2223 dimicantium
472 2198 631 2232 ageretur
647 2193 680 2223 in
698 2194 799 2233 regia,
815 2203 853 2224 ac
870 2194 967 2224 multi
986 2204 1026 2224 ex
1045 2198 1185 2234 utraque
1203 2198 1300 2234 parte
1315 2195 1428 2230 armis,
1445 2205 1520 2235 quae
1536 2204 1632 2226 casus

221 2245 409 2284 obtulisset,
423 2246 639 2283 cecidissent,
653 2245 829 2276 novissime
848 2246 992 2276 Perseus
1008 2246 1275 2277 adversariorum
1288 2248 1540 2279 multitudinem
1556 2257 1632 2289 per-

221 2300 354 2338 timeus,
368 2299 548 2338 imperavit
564 2304 601 2329 ut
617 2308 634 2329 c
652 2304 836 2339 conspectu
855 2300 903 2329 sni
920 2299 1146 2336 discederent,
1160 2305 1331 2342 caputque
1348 2301 1520 2341 Gorgonis
1533 2305 1629 2332 extu-

220 2352 279 2383 lit:
306 2362 371 2392 quo
388 2352 471 2389 viso,
487 2352 634 2382 Phineus
650 2362 724 2382 cum
743 2352 982 2382 auxiliantibus
999 2351 1136 2391 diriguit
1153 2352 1184 2382 in
1197 2363 1326 2383 saxum.
1352 2353 1498 2384 Nomina
1515 2357 1629 2384 autem

220 2414 336 2436 eorum
366 2405 422 2445 qui
444 2405 623 2443 cecidere;
662 2405 812 2443 Rhoetus,
841 2403 943 2444 Atys,
975 2404 1142 2444 Lycabas,
1171 2405 1338 2443 Phorbas,
1368 2405 1632 2446 Ampllimedon,

221 2458 370 2498 Erithus,
393 2459 628 2498 Polydaemon,
658 2458 792 2496 Abaris,
819 2459 980 2498 Lycetus,
1009 2458 1144 2497 Elyces,
1170 2458 1349 2499 Phlegyas,
1377 2459 1508 2499 Clytus,
1536 2458 1630 2498 Idas,

221 2512 414 2552 Clymenus,
439 2512 619 2549 Protenor,
649 2511 821 2550 Hypseus,
852 2511 1030 2551 Lyncides,
1056 2511 1247 2551 Emathion,
1274 2512 1440 2549 Chromis,
1466 2512 1627 2551 Broteas,

222 2565 379 2603 Ammon,
402 2563 590 2604 Ampycus,
618 2563 801 2603 Iapetides,
832 2563 999 2601 Pettalus,
1034 2564 1227 2603 Lycormas,
1255 2563 1405 2602 Pelates,
1445 2564 1629 2604 Corythus,

221 2617 324 2656 Abas,
341 2617 529 2655 Menatem,
545 2617 702 2656 Dorylas,
718 2616 945 2656 Halcyoneus,
968 2616 1111 2655 Clytius,
1137 2617 1262 2655 Clanis,
1291 2617 1453 2654 Celadon,
1472 2617 1626 2655 Astreus,

221 2670 368 2708 AEthion,
383 2670 564 2708 ThoacteS,
589 2669 749 2709 Agyrtes,
774 2669 942 2708 Molpeus,
972 2669 1149 2699 Ethemon.
1196 2669 1234 2699 ln
1258 2669 1389 2709 lapides
1411 2675 1523 2699 autem
1538 2668 1628 2700 versi

220 2728 308 2760 sunt,
322 2723 511 2761 Thescelus,
524 2722 672 2763 Ampyx,
687 2722 818 2761 Nileus,
833 2723 938 2761 Eryx,
955 2726 990 2752 ct
1008 2720 1188 2761 Astyages.
1228 2721 1402 2752 Aconteus
1414 2726 1526 2752 autem
1542 2721 1626 2753 Per-

220 2776 267 2806 sei
294 2776 400 2815 miles,
423 2775 502 2807 dum
533 2785 593 2817 per
616 2775 877 2817 imprudentiam
905 2773 1068 2805 dimicans
1093 2774 1256 2814 prospicit
1280 2774 1448 2817 Gorgonis
1464 2775 1627 2816 speciem,
