<?xml version="1.0" encoding="UTF-8"?>
<!DOCTYPE html PUBLIC "-//W3C//DTD XHTML 1.0 Transitional//EN"
    "http://www.w3.org/TR/xhtml1/DTD/xhtml1-transitional.dtd">
<html xmlns="http://www.w3.org/1999/xhtml" xml:lang="en" lang="en">
 <head>
  <title>
</title>
<meta http-equiv="Content-Type" content="text/html;charset=utf-8" />
  <meta name='ocr-system' content='tesseract 3.04.00' />
  <meta name='ocr-capabilities' content='ocr_page ocr_carea ocr_par ocr_line ocrx_word'/>
</head>
<body>
  <div class='ocr_page' id='page_1' title='image "./operaomniaexedit03oviduoft_0334.png"; bbox 0 0 1831 3023; ppageno 0'>
   <div class='ocr_carea' id='block_1_1' title="bbox 194 175 1154 219">
    <p class='ocr_par' dir='ltr' id='par_1_1' title="bbox 194 175 1154 219">
     <span class='ocr_line' id='line_1_1' title="bbox 194 175 1154 219; baseline -0.002 -2"><span class='ocrx_word' id='word_1_1' title='bbox 194 175 309 219; x_wconf 83' lang='lat'>1398</span> <span class='ocrx_word' id='word_1_2' title='bbox 677 188 718 218; x_wconf 89' lang='lat' dir='ltr'>P.</span> <span class='ocrx_word' id='word_1_3' title='bbox 749 187 907 217; x_wconf 80' lang='lat' dir='ltr'>ovmu</span> <span class='ocrx_word' id='word_1_4' title='bbox 939 186 1154 219; x_wconf 77' lang='lat' dir='ltr'>NAsoNJs</span> 
     </span>
    </p>
   </div>
   <div class='ocr_carea' id='block_1_2' title="bbox 195 279 1386 805">
    <p class='ocr_par' dir='ltr' id='par_1_2' title="bbox 195 279 1338 600">
     <span class='ocr_line' id='line_1_2' title="bbox 195 279 1338 334; baseline -0.001 -14"><span class='ocrx_word' id='word_1_5' title='bbox 195 279 292 321; x_wconf 87' lang='lat' dir='ltr'>Vix</span> <span class='ocrx_word' id='word_1_6' title='bbox 311 284 400 321; x_wconf 82' lang='lat' dir='ltr'>erat</span> <span class='ocrx_word' id='word_1_7' title='bbox 416 280 495 321; x_wconf 81' lang='lat' dir='ltr'>illa</span> <span class='ocrx_word' id='word_1_8' title='bbox 514 293 689 334; x_wconf 83' lang='lat' dir='ltr'>gravem</span> <span class='ocrx_word' id='word_1_9' title='bbox 709 284 879 321; x_wconf 85' lang='lat' dir='ltr'>maturo</span> <span class='ocrx_word' id='word_1_10' title='bbox 901 279 1096 332; x_wconf 87' lang='lat' dir='ltr'>pondere</span> <span class='ocrx_word' id='word_1_11' title='bbox 1117 282 1309 321; x_wconf 84' lang='lat' dir='ltr'>ventrem</span> <span class='ocrx_word' id='word_1_12' title='bbox 1325 292 1338 331; x_wconf 79' lang='lat'><em>3</em></span> 
     </span>
     <span class='ocr_line' id='line_1_3' title="bbox 197 345 1315 401; baseline -0.003 -14"><span class='ocrx_word' id='word_1_13' title='bbox 197 346 310 387; x_wconf 90' lang='lat' dir='ltr'>Cum</span> <span class='ocrx_word' id='word_1_14' title='bbox 330 348 473 389; x_wconf 88' lang='lat' dir='ltr'>medio</span> <span class='ocrx_word' id='word_1_15' title='bbox 493 348 638 389; x_wconf 88' lang='lat' dir='ltr'>noctis</span> <span class='ocrx_word' id='word_1_16' title='bbox 658 348 819 401; x_wconf 86' lang='lat' dir='ltr'>spatio,</span> <span class='ocrx_word' id='word_1_17' title='bbox 841 346 922 386; x_wconf 88' lang='lat' dir='ltr'>sub</span> <span class='ocrx_word' id='word_1_18' title='bbox 944 346 1134 398; x_wconf 80' lang='lat' dir='ltr'>imagine</span> <span class='ocrx_word' id='word_1_19' title='bbox 1157 345 1315 395; x_wconf 86' lang='lat' dir='ltr'>somni,</span> 
     </span>
     <span class='ocr_line' id='line_1_4' title="bbox 197 413 1297 466; baseline -0.002 -11"><span class='ocrx_word' id='word_1_20' title='bbox 197 414 375 456; x_wconf 84' lang='lat' dir='ltr'>Inachis</span> <span class='ocrx_word' id='word_1_21' title='bbox 396 418 493 456; x_wconf 84' lang='lat' dir='ltr'>ante</span> <span class='ocrx_word' id='word_1_22' title='bbox 510 419 665 463; x_wconf 87' lang='lat' dir='ltr'>torum,</span> <span class='ocrx_word' id='word_1_23' title='bbox 688 425 853 466; x_wconf 85' lang='lat' dir='ltr'>pompa</span> <span class='ocrx_word' id='word_1_24' title='bbox 874 413 1084 454; x_wconf 81' lang='lat' dir='ltr'>comitata</span> <span class='ocrx_word' id='word_1_25' title='bbox 1104 427 1297 463; x_wconf 86' lang='lat' dir='ltr'>suorum,</span> 
     </span>
     <span class='ocr_line' id='line_1_5' title="bbox 196 480 1334 531; baseline -0.001 -9"><span class='ocrx_word' id='word_1_26' title='bbox 196 481 290 523; x_wconf 91' lang='lat' dir='ltr'>Aut</span> <span class='ocrx_word' id='word_1_27' title='bbox 310 484 439 531; x_wconf 88' lang='lat' dir='ltr'>stetit,</span> <span class='ocrx_word' id='word_1_28' title='bbox 461 486 535 522; x_wconf 83' lang='lat' dir='ltr'>aut</span> <span class='ocrx_word' id='word_1_29' title='bbox 555 482 651 521; x_wconf 84' lang='lat' dir='ltr'>visa</span> <span class='ocrx_word' id='word_1_30' title='bbox 671 483 754 520; x_wconf 82' lang='lat' dir='ltr'>est.</span> <span class='ocrx_word' id='word_1_31' title='bbox 819 480 992 521; x_wconf 79' lang='lat' dir='ltr'>Inerant</span> <span class='ocrx_word' id='word_1_32' title='bbox 1010 480 1183 523; x_wconf 84' lang='lat' dir='ltr'>lunaria</span> <span class='ocrx_word' id='word_1_33' title='bbox 1201 482 1334 522; x_wconf 84' lang='lat' dir='ltr'>fronti</span> 
     </span>
     <span class='ocr_line' id='line_1_6' title="bbox 199 547 1248 600; baseline 0 -10"><span class='ocrx_word' id='word_1_34' title='bbox 199 549 388 597; x_wconf 84' lang='lat' dir='ltr'>Cornua,</span> <span class='ocrx_word' id='word_1_35' title='bbox 411 561 511 587; x_wconf 89' lang='lat' dir='ltr'>cum</span> <span class='ocrx_word' id='word_1_36' title='bbox 532 547 668 600; x_wconf 81' lang='lat' dir='ltr'>spicis</span> <span class='ocrx_word' id='word_1_37' title='bbox 688 547 825 589; x_wconf 88' lang='lat' dir='ltr'>nitido</span> <span class='ocrx_word' id='word_1_38' title='bbox 846 548 1106 590; x_wconf 82' lang='lat' dir='ltr'>flaventibus</span> <span class='ocrx_word' id='word_1_39' title='bbox 1128 562 1248 599; x_wconf 83' lang='lat' dir='ltr'>auro,</span> 
     </span>
    </p>

    <p class='ocr_par' dir='ltr' id='par_1_3' title="bbox 200 614 1386 805">
     <span class='ocr_line' id='line_1_7' title="bbox 200 614 1246 671; baseline 0 -15"><span class='ocrx_word' id='word_1_40' title='bbox 200 615 255 656; x_wconf 89' lang='lat' dir='ltr'>Et</span> <span class='ocrx_word' id='word_1_41' title='bbox 275 614 418 666; x_wconf 85' lang='lat' dir='ltr'>regale</span> <span class='ocrx_word' id='word_1_42' title='bbox 440 614 578 655; x_wconf 90' lang='lat' dir='ltr'>decus</span> <span class='ocrx_word' id='word_1_43' title='bbox 596 629 606 667; x_wconf 89' lang='lat'>;</span> <span class='ocrx_word' id='word_1_44' title='bbox 639 629 739 656; x_wconf 88' lang='lat' dir='ltr'>cum</span> <span class='ocrx_word' id='word_1_45' title='bbox 761 630 847 671; x_wconf 86' lang='lat' dir='ltr'>qua</span> <span class='ocrx_word' id='word_1_46' title='bbox 864 617 1043 658; x_wconf 85' lang='lat' dir='ltr'>latrator</span> <span class='ocrx_word' id='word_1_47' title='bbox 1060 615 1246 666; x_wconf 83' lang='lat' dir='ltr'>Anubis,</span> 
     </span>
     <span class='ocr_line' id='line_1_8' title="bbox 201 682 1362 738; baseline 0 -15"><span class='ocrx_word' id='word_1_48' title='bbox 201 682 453 735; x_wconf 81' lang='lat' dir='ltr'>Sanctaque</span> <span class='ocrx_word' id='word_1_49' title='bbox 473 682 702 734; x_wconf 84' lang='lat' dir='ltr'>Bubastis,</span> <span class='ocrx_word' id='word_1_50' title='bbox 724 686 958 738; x_wconf 80' lang='lat' dir='ltr'>variusque</span> <span class='ocrx_word' id='word_1_51' title='bbox 980 684 1202 725; x_wconf 86' lang='lat' dir='ltr'>coloribus</span> <span class='ocrx_word' id='word_1_52' title='bbox 1222 682 1335 737; x_wconf 86' lang='lat' dir='ltr'>Apis</span> <span class='ocrx_word' id='word_1_53' title='bbox 1353 696 1362 724; x_wconf 67' lang='grc' dir='ltr'><strong><em>ς</em></strong></span> 
     </span>
     <span class='ocr_line' id='line_1_9' title="bbox 201 747 1386 805; baseline 0.002 -17"><span class='ocrx_word' id='word_1_54' title='bbox 201 747 376 802; x_wconf 81' lang='lat' dir='ltr'>Quique</span> <span class='ocrx_word' id='word_1_55' title='bbox 396 750 552 801; x_wconf 83' lang='lat' dir='ltr'>premit</span> <span class='ocrx_word' id='word_1_56' title='bbox 570 762 743 800; x_wconf 85' lang='lat' dir='ltr'>vocem,</span> <span class='ocrx_word' id='word_1_57' title='bbox 765 751 987 805; x_wconf 84' lang='lat' dir='ltr'>digitoque</span> <span class='ocrx_word' id='word_1_58' title='bbox 1009 751 1182 792; x_wconf 85' lang='lat' dir='ltr'>silentia</span> <span class='ocrx_word' id='word_1_59' title='bbox 1204 750 1386 800; x_wconf 80' lang='lat' dir='ltr'>suadet3</span> 
     </span>
    </p>
   </div>
   <div class='ocr_carea' id='block_1_3' title="bbox 1563 345 1649 387">
    <p class='ocr_par' dir='ltr' id='par_1_4' title="bbox 1563 345 1649 387">
     <span class='ocr_line' id='line_1_10' title="bbox 1563 345 1649 387; baseline 0 0"><span class='ocrx_word' id='word_1_60' title='bbox 1563 345 1649 387; x_wconf 82' lang='lat'>685</span> 
     </span>
    </p>
   </div>
   <div class='ocr_carea' id='block_1_4' title="bbox 1569 680 1656 722">
    <p class='ocr_par' dir='ltr' id='par_1_5' title="bbox 1569 680 1656 722">
     <span class='ocr_line' id='line_1_11' title="bbox 1569 680 1656 722; baseline 0 0"><span class='ocrx_word' id='word_1_61' title='bbox 1569 680 1656 722; x_wconf 84' lang='lat'>690</span> 
     </span>
    </p>
   </div>
   <div class='ocr_carea' id='block_1_5' title="bbox 201 879 1663 1049">
    <p class='ocr_par' dir='ltr' id='par_1_6' title="bbox 201 879 1663 1049">
     <span class='ocr_line' id='line_1_12' title="bbox 201 879 1662 920; baseline -0.001 -10"><span class='ocrx_word' id='word_1_62' title='bbox 201 889 261 920; x_wconf 81' lang='lat' dir='ltr'>pur</span> <span class='ocrx_word' id='word_1_63' title='bbox 277 882 342 910; x_wconf 83' lang='lat' dir='ltr'>erat</span> <span class='ocrx_word' id='word_1_64' title='bbox 356 879 507 918; x_wconf 76' lang='lat' dir='ltr'>gestando</span> <span class='ocrx_word' id='word_1_65' title='bbox 519 880 686 918; x_wconf 79' lang='lat' dir='ltr'>gravidam</span> <span class='ocrx_word' id='word_1_66' title='bbox 700 881 803 910; x_wconf 81' lang='lat' dir='ltr'>alvum</span> <span class='ocrx_word' id='word_1_67' title='bbox 818 891 909 912; x_wconf 82' lang='lat' dir='ltr'>onere</span> <span class='ocrx_word' id='word_1_68' title='bbox 920 884 1053 919; x_wconf 77' lang='lat' dir='ltr'>maturo,</span> <span class='ocrx_word' id='word_1_69' title='bbox 1069 890 1138 911; x_wconf 79' lang='lat' dir='ltr'>cnm.</span> <span class='ocrx_word' id='word_1_70' title='bbox 1147 880 1245 911; x_wconf 77' lang='lat' dir='ltr'>medio</span> <span class='ocrx_word' id='word_1_71' title='bbox 1256 880 1355 910; x_wconf 76' lang='lat' dir='ltr'>noctis</span> <span class='ocrx_word' id='word_1_72' title='bbox 1369 883 1517 920; x_wconf 79' lang='lat' dir='ltr'>tempore,</span> <span class='ocrx_word' id='word_1_73' title='bbox 1536 879 1662 910; x_wconf 81' lang='lat' dir='ltr'>Inachis</span> 
     </span>
     <span class='ocr_line' id='line_1_13' title="bbox 202 922 1660 962; baseline 0.001 -11"><span class='ocrx_word' id='word_1_74' title='bbox 202 924 317 961; x_wconf 71' lang='lat' dir='ltr'>stipata</span> <span class='ocrx_word' id='word_1_75' title='bbox 326 932 435 962; x_wconf 72' lang='lat' dir='ltr'>pompa</span> <span class='ocrx_word' id='word_1_76' title='bbox 445 931 565 952; x_wconf 82' lang='lat' dir='ltr'>suorum</span> <span class='ocrx_word' id='word_1_77' title='bbox 575 926 627 952; x_wconf 77' lang='lat' dir='ltr'>aut</span> <span class='ocrx_word' id='word_1_78' title='bbox 639 923 741 962; x_wconf 77' lang='lat' dir='ltr'>stetit,</span> <span class='ocrx_word' id='word_1_79' title='bbox 753 926 806 953; x_wconf 79' lang='lat' dir='ltr'>ant</span> <span class='ocrx_word' id='word_1_80' title='bbox 816 924 882 954; x_wconf 71' lang='lat' dir='ltr'>risa</span> <span class='ocrx_word' id='word_1_81' title='bbox 894 927 940 954; x_wconf 82' lang='lat' dir='ltr'>est</span> <span class='ocrx_word' id='word_1_82' title='bbox 952 923 1138 954; x_wconf 74' lang='lat' dir='ltr'>consistere</span> <span class='ocrx_word' id='word_1_83' title='bbox 1154 926 1224 953; x_wconf 81' lang='lat' dir='ltr'>onte</span> <span class='ocrx_word' id='word_1_84' title='bbox 1236 923 1358 961; x_wconf 81' lang='lat' dir='ltr'>lectum,</span> <span class='ocrx_word' id='word_1_85' title='bbox 1368 922 1423 953; x_wconf 84' lang='lat' dir='ltr'>snb</span> <span class='ocrx_word' id='word_1_86' title='bbox 1437 923 1535 962; x_wconf 77' lang='lat' dir='ltr'>specie</span> <span class='ocrx_word' id='word_1_87' title='bbox 1549 923 1660 952; x_wconf 86' lang='lat' dir='ltr'>somni.</span> 
     </span>
     <span class='ocr_line' id='line_1_14' title="bbox 207 964 1661 1007; baseline 0 -13"><span class='ocrx_word' id='word_1_88' title='bbox 207 966 329 994; x_wconf 79' lang='lat' dir='ltr'>Cornua</span> <span class='ocrx_word' id='word_1_89' title='bbox 341 965 460 994; x_wconf 83' lang='lat' dir='ltr'>lunaria</span> <span class='ocrx_word' id='word_1_90' title='bbox 471 968 558 995; x_wconf 76' lang='lat' dir='ltr'>erant</span> <span class='ocrx_word' id='word_1_91' title='bbox 571 966 665 1006; x_wconf 71' lang='lat' dir='ltr'>affixa</span> <span class='ocrx_word' id='word_1_92' title='bbox 679 964 784 1003; x_wconf 75' lang='lat' dir='ltr'>fronti</span> <span class='ocrx_word' id='word_1_93' title='bbox 805 976 872 996; x_wconf 84' lang='lat' dir='ltr'>cum</span> <span class='ocrx_word' id='word_1_94' title='bbox 883 966 977 1006; x_wconf 81' lang='lat' dir='ltr'>spicis</span> <span class='ocrx_word' id='word_1_95' title='bbox 989 965 1183 1007; x_wconf 76' lang='lat' dir='ltr'>flaventibus</span> <span class='ocrx_word' id='word_1_96' title='bbox 1201 975 1277 1005; x_wconf 85' lang='lat' dir='ltr'>puro</span> <span class='ocrx_word' id='word_1_97' title='bbox 1289 974 1374 1002; x_wconf 80' lang='lat' dir='ltr'>auro,</span> <span class='ocrx_word' id='word_1_98' title='bbox 1387 968 1415 996; x_wconf 83' lang='lat' dir='ltr'>et</span> <span class='ocrx_word' id='word_1_99' title='bbox 1431 965 1525 995; x_wconf 81' lang='lat' dir='ltr'>honos</span> <span class='ocrx_word' id='word_1_100' title='bbox 1535 964 1638 1003; x_wconf 82' lang='lat' dir='ltr'>regins</span> <span class='ocrx_word' id='word_1_101' title='bbox 1650 975 1661 1000; x_wconf 92' lang='grc'><em>;</em></span> 
     </span>
     <span class='ocr_line' id='line_1_15' title="bbox 202 1007 1663 1049; baseline 0 -12"><span class='ocrx_word' id='word_1_102' title='bbox 202 1017 270 1037; x_wconf 70' lang='lat' dir='ltr'>cnm</span> <span class='ocrx_word' id='word_1_103' title='bbox 282 1017 341 1047; x_wconf 78' lang='lat' dir='ltr'>qua</span> <span class='ocrx_word' id='word_1_104' title='bbox 354 1007 472 1038; x_wconf 79' lang='lat' dir='ltr'>Anubis</span> <span class='ocrx_word' id='word_1_105' title='bbox 482 1008 625 1048; x_wconf 81' lang='lat' dir='ltr'>latrator,</span> <span class='ocrx_word' id='word_1_106' title='bbox 637 1011 666 1039; x_wconf 77' lang='lat' dir='ltr'>et</span> <span class='ocrx_word' id='word_1_107' title='bbox 677 1018 764 1039; x_wconf 84' lang='lat' dir='ltr'>sacra</span> <span class='ocrx_word' id='word_1_108' title='bbox 776 1009 938 1049; x_wconf 74' lang='lat' dir='ltr'>Bubastis,</span> <span class='ocrx_word' id='word_1_109' title='bbox 947 1013 977 1040; x_wconf 80' lang='lat' dir='ltr'>et</span> <span class='ocrx_word' id='word_1_110' title='bbox 988 1009 1067 1049; x_wconf 84' lang='lat' dir='ltr'>Apis</span> <span class='ocrx_word' id='word_1_111' title='bbox 1082 1008 1246 1039; x_wconf 74' lang='lat' dir='ltr'>distinctus</span> <span class='ocrx_word' id='word_1_112' title='bbox 1256 1007 1417 1048; x_wconf 80' lang='lat' dir='ltr'>coloribus,</span> <span class='ocrx_word' id='word_1_113' title='bbox 1430 1011 1460 1038; x_wconf 78' lang='lat' dir='ltr'>et</span> <span class='ocrx_word' id='word_1_114' title='bbox 1469 1009 1521 1048; x_wconf 80' lang='lat' dir='ltr'>qui</span> <span class='ocrx_word' id='word_1_115' title='bbox 1531 1016 1663 1046; x_wconf 82' lang='lat' dir='ltr'>compes-</span> 
     </span>
    </p>
   </div>
   <div class='ocr_carea' id='block_1_6' title="bbox 818 1102 896 1113">
    <p class='ocr_par' dir='ltr' id='par_1_7' title="bbox 818 1102 896 1113">
     <span class='ocr_line' id='line_1_16' title="bbox 818 1102 896 1113; baseline 0 0"><span class='ocrx_word' id='word_1_116' title='bbox 818 1102 896 1113; x_wconf 67' lang='lat' dir='ltr'>ecee</span> 
     </span>
    </p>
   </div>
   <div class='ocr_carea' id='block_1_7' title="bbox 897 1102 1049 1114">
    <p class='ocr_par' dir='ltr' id='par_1_8' title="bbox 897 1102 1049 1114">
     <span class='ocr_line' id='line_1_17' title="bbox 897 1102 1049 1114; baseline 0 1909"><span class='ocrx_word' id='word_1_117' title='bbox 897 1102 1049 1114; x_wconf 95' lang='lat' dir='ltr'> </span> 
     </span>
    </p>
   </div>
   <div class='ocr_carea' id='block_1_8' title="bbox 205 1163 1668 1336">
    <p class='ocr_par' dir='ltr' id='par_1_9' title="bbox 205 1163 1668 1336">
     <span class='ocr_line' id='line_1_18' title="bbox 205 1163 1665 1207; baseline 0.001 -13"><span class='ocrx_word' id='word_1_118' title='bbox 205 1167 268 1195; x_wconf 67' lang='lat'>«3⁶36</span> <span class='ocrx_word' id='word_1_119' title='bbox 292 1165 456 1197; x_wconf 77' lang='lat' dir='ltr'>Nonnulli</span> <span class='ocrx_word' id='word_1_120' title='bbox 476 1166 595 1207; x_wconf 88' lang='lat' dir='ltr'>scripti</span> <span class='ocrx_word' id='word_1_121' title='bbox 608 1166 701 1198; x_wconf 80' lang='lat' dir='ltr'>turba</span> <span class='ocrx_word' id='word_1_122' title='bbox 716 1176 777 1207; x_wconf 89' lang='lat' dir='ltr'>pro</span> <span class='ocrx_word' id='word_1_123' title='bbox 804 1175 924 1206; x_wconf 83' lang='lat' dir='ltr'>pompa.</span> <span class='ocrx_word' id='word_1_124' title='bbox 957 1165 1092 1197; x_wconf 82' lang='lat' dir='ltr'>Suorum</span> <span class='ocrx_word' id='word_1_125' title='bbox 1108 1165 1204 1197; x_wconf 89' lang='lat' dir='ltr'>dedit</span> <span class='ocrx_word' id='word_1_126' title='bbox 1220 1164 1341 1196; x_wconf 84' lang='lat' dir='ltr'>Heius.</span> <span class='ocrx_word' id='word_1_127' title='bbox 1367 1174 1408 1195; x_wconf 86' lang='lat' dir='ltr'>ex</span> <span class='ocrx_word' id='word_1_128' title='bbox 1424 1173 1476 1205; x_wconf 89' lang='lat' dir='ltr'>pr.</span> <span class='ocrx_word' id='word_1_129' title='bbox 1488 1163 1583 1195; x_wconf 86' lang='lat' dir='ltr'>Med.</span> <span class='ocrx_word' id='word_1_130' title='bbox 1598 1173 1665 1196; x_wconf 87' lang='lat' dir='ltr'>sec.</span> 
     </span>
     <span class='ocr_line' id='line_1_19' title="bbox 207 1207 1665 1249; baseline -0.001 -11"><span class='ocrx_word' id='word_1_131' title='bbox 207 1209 283 1238; x_wconf 87' lang='lat' dir='ltr'>Pal.</span> <span class='ocrx_word' id='word_1_132' title='bbox 324 1218 374 1248; x_wconf 89' lang='lat' dir='ltr'>pr.</span> <span class='ocrx_word' id='word_1_133' title='bbox 417 1209 507 1241; x_wconf 86' lang='lat' dir='ltr'>Mor.</span> <span class='ocrx_word' id='word_1_134' title='bbox 550 1215 585 1240; x_wconf 91' lang='lat' dir='ltr'>et</span> <span class='ocrx_word' id='word_1_135' title='bbox 624 1209 697 1240; x_wconf 85' lang='lat' dir='ltr'>aliis</span> <span class='ocrx_word' id='word_1_136' title='bbox 731 1209 909 1249; x_wconf 88' lang='lat' dir='ltr'>plurimis;</span> <span class='ocrx_word' id='word_1_137' title='bbox 948 1210 1040 1249; x_wconf 83' lang='lat' dir='ltr'>vulg.</span> <span class='ocrx_word' id='word_1_138' title='bbox 1079 1218 1253 1239; x_wconf 78' lang='lat' dir='ltr'>sacrorum:</span> <span class='ocrx_word' id='word_1_139' title='bbox 1298 1208 1469 1248; x_wconf 83' lang='lat' dir='ltr'>Bernegg.</span> <span class='ocrx_word' id='word_1_140' title='bbox 1513 1207 1665 1238; x_wconf 88' lang='lat' dir='ltr'>Berolin.</span> 
     </span>
     <span class='ocr_line' id='line_1_20' title="bbox 208 1250 1668 1292; baseline 0.001 -12"><span class='ocrx_word' id='word_1_141' title='bbox 208 1256 243 1280; x_wconf 78' lang='lat' dir='ltr'>et</span> <span class='ocrx_word' id='word_1_142' title='bbox 259 1251 410 1281; x_wconf 84' lang='lat' dir='ltr'>nonnulli</span> <span class='ocrx_word' id='word_1_143' title='bbox 426 1251 481 1282; x_wconf 89' lang='lat' dir='ltr'>alii</span> <span class='ocrx_word' id='word_1_144' title='bbox 496 1262 640 1283; x_wconf 81' lang='lat' dir='ltr'>suarum:</span> <span class='ocrx_word' id='word_1_145' title='bbox 664 1251 721 1283; x_wconf 87' lang='lat' dir='ltr'>alii</span> <span class='ocrx_word' id='word_1_146' title='bbox 750 1261 816 1283; x_wconf 87' lang='lat' dir='ltr'>non</span> <span class='ocrx_word' id='word_1_147' title='bbox 836 1251 937 1292; x_wconf 88' lang='lat' dir='ltr'>pauci</span> <span class='ocrx_word' id='word_1_148' title='bbox 964 1261 1115 1282; x_wconf 78' lang='lat' dir='ltr'>sororum.</span> <span class='ocrx_word' id='word_1_149' title='bbox 1147 1252 1263 1282; x_wconf 75' lang='lat' dir='ltr'>Burni.</span> <span class='ocrx_word' id='word_1_150' title='bbox 1280 1261 1323 1282; x_wconf 81' lang='lat' dir='ltr'>ex</span> <span class='ocrx_word' id='word_1_151' title='bbox 1339 1260 1488 1289; x_wconf 80' lang='lat' dir='ltr'>sororum,</span> <span class='ocrx_word' id='word_1_152' title='bbox 1502 1250 1668 1281; x_wconf 80' lang='lat' dir='ltr'>comitante</span> 
     </span>
     <span class='ocr_line' id='line_1_21' title="bbox 209 1293 1668 1336; baseline 0.001 -15"><span class='ocrx_word' id='word_1_153' title='bbox 209 1303 315 1324; x_wconf 77' lang='lat' dir='ltr'>sonora</span> <span class='ocrx_word' id='word_1_154' title='bbox 332 1294 487 1334; x_wconf 77' lang='lat' dir='ltr'>exsculpi</span> <span class='ocrx_word' id='word_1_155' title='bbox 515 1304 615 1335; x_wconf 84' lang='lat' dir='ltr'>posse</span> <span class='ocrx_word' id='word_1_156' title='bbox 632 1294 787 1336; x_wconf 88' lang='lat' dir='ltr'>putabat,</span> <span class='ocrx_word' id='word_1_157' title='bbox 815 1300 853 1326; x_wconf 94' lang='lat' dir='ltr'>ut</span> <span class='ocrx_word' id='word_1_158' title='bbox 889 1294 932 1326; x_wconf 84' lang='lat' dir='ltr'>ad</span> <span class='ocrx_word' id='word_1_159' title='bbox 949 1295 1051 1325; x_wconf 85' lang='lat' dir='ltr'>sistra</span> <span class='ocrx_word' id='word_1_160' title='bbox 1075 1293 1364 1325; x_wconf 84' lang='lat' dir='ltr'>referatur.—690</span> <span class='ocrx_word' id='word_1_161' title='bbox 1387 1293 1564 1333; x_wconf 88' lang='lat' dir='ltr'>Meliores,</span> <span class='ocrx_word' id='word_1_162' title='bbox 1578 1297 1668 1324; x_wconf 86' lang='lat' dir='ltr'>teste</span> 
     </span>
    </p>
   </div>
   <div class='ocr_carea' id='block_1_9' title="bbox 867 1396 1011 1428">
    <p class='ocr_par' dir='ltr' id='par_1_10' title="bbox 867 1396 1011 1428">
     <span class='ocr_line' id='line_1_22' title="bbox 867 1396 1011 1428; baseline -0.007 0"><span class='ocrx_word' id='word_1_163' title='bbox 867 1396 1011 1428; x_wconf 83' lang='lat' dir='ltr'>NOTAE</span> 
     </span>
    </p>
   </div>
   <div class='ocr_carea' id='block_1_10' title="bbox 211 1478 914 1620">
    <p class='ocr_par' dir='ltr' id='par_1_11' title="bbox 211 1478 914 1620">
     <span class='ocr_line' id='line_1_23' title="bbox 252 1478 914 1521; baseline 0.003 -12"><span class='ocrx_word' id='word_1_164' title='bbox 252 1481 316 1509; x_wconf 79' lang='grc'>686</span> <span class='ocrx_word' id='word_1_165' title='bbox 330 1478 469 1519; x_wconf 81' lang='lat' dir='ltr'>Inachis]</span> <span class='ocrx_word' id='word_1_166' title='bbox 482 1478 521 1511; x_wconf 88' lang='lat' dir='ltr'>Io</span> <span class='ocrx_word' id='word_1_167' title='bbox 534 1484 598 1520; x_wconf 90' lang='lat' dir='ltr'>est,</span> <span class='ocrx_word' id='word_1_168' title='bbox 608 1479 726 1511; x_wconf 85' lang='lat' dir='ltr'>Inachi</span> <span class='ocrx_word' id='word_1_169' title='bbox 742 1480 824 1521; x_wconf 87' lang='lat' dir='ltr'>filia,</span> <span class='ocrx_word' id='word_1_170' title='bbox 834 1480 914 1513; x_wconf 90' lang='lat' dir='ltr'>Jovi</span> 
     </span>
     <span class='ocr_line' id='line_1_24' title="bbox 212 1529 914 1571; baseline 0.003 -11"><span class='ocrx_word' id='word_1_171' title='bbox 212 1529 382 1569; x_wconf 79' lang='lat' dir='ltr'>adamata,</span> <span class='ocrx_word' id='word_1_172' title='bbox 398 1539 473 1570; x_wconf 75' lang='lat' dir='ltr'>quae</span> <span class='ocrx_word' id='word_1_173' title='bbox 501 1535 680 1571; x_wconf 87' lang='lat' dir='ltr'>postquam</span> <span class='ocrx_word' id='word_1_174' title='bbox 703 1531 746 1561; x_wconf 92' lang='lat' dir='ltr'>ob</span> <span class='ocrx_word' id='word_1_175' title='bbox 770 1532 914 1564; x_wconf 89' lang='lat' dir='ltr'>Junonis</span> 
     </span>
     <span class='ocr_line' id='line_1_25' title="bbox 211 1579 914 1620; baseline 0.003 -10"><span class='ocrx_word' id='word_1_176' title='bbox 211 1579 415 1620; x_wconf 83' lang='lat' dir='ltr'>zelotypiam</span> <span class='ocrx_word' id='word_1_177' title='bbox 441 1580 474 1610; x_wconf 88' lang='lat' dir='ltr'>in</span> <span class='ocrx_word' id='word_1_178' title='bbox 512 1590 649 1611; x_wconf 84' lang='lat' dir='ltr'>vaccam</span> <span class='ocrx_word' id='word_1_179' title='bbox 677 1585 807 1612; x_wconf 89' lang='lat' dir='ltr'>mutata</span> <span class='ocrx_word' id='word_1_180' title='bbox 836 1580 914 1620; x_wconf 86' lang='lat' dir='ltr'>fuit,</span> 
     </span>
    </p>
   </div>
   <div class='ocr_carea' id='block_1_11' title="bbox 969 1483 1671 1620">
    <p class='ocr_par' dir='ltr' id='par_1_12' title="bbox 969 1483 1671 1620">
     <span class='ocr_line' id='line_1_26' title="bbox 995 1483 1078 1511; baseline 0 0"><span class='ocrx_word' id='word_1_181' title='bbox 995 1483 1078 1511; x_wconf 89' lang='lat' dir='ltr'>atet.</span> 
     </span>
     <span class='ocr_line' id='line_1_27' title="bbox 969 1490 1670 1570; baseline -0.003 -9"><span class='ocrx_word' id='word_1_182' title='bbox 969 1490 991 1521; x_wconf 74' lang='lat' dir='ltr'>p</span> <span class='ocrx_word' id='word_1_183' title='bbox 1012 1528 1107 1570; x_wconf 71' lang='lat' dir='ltr'>Apis]</span> <span class='ocrx_word' id='word_1_184' title='bbox 1133 1528 1241 1560; x_wconf 82' lang='lat' dir='ltr'>Osiris</span> <span class='ocrx_word' id='word_1_185' title='bbox 1256 1529 1326 1570; x_wconf 82' lang='lat' dir='ltr'>ipse</span> <span class='ocrx_word' id='word_1_186' title='bbox 1343 1538 1417 1560; x_wconf 90' lang='lat' dir='ltr'>esse</span> <span class='ocrx_word' id='word_1_187' title='bbox 1434 1538 1453 1559; x_wconf 92' lang='lat' dir='ltr'>a</span> <span class='ocrx_word' id='word_1_188' title='bbox 1467 1529 1582 1559; x_wconf 84' lang='lat' dir='ltr'>multis</span> <span class='ocrx_word' id='word_1_189' title='bbox 1599 1536 1670 1559; x_wconf 86' lang='lat' dir='ltr'>cre-</span> 
     </span>
     <span class='ocr_line' id='line_1_28' title="bbox 971 1579 1671 1620; baseline -0.001 -10"><span class='ocrx_word' id='word_1_190' title='bbox 971 1580 1076 1618; x_wconf 82' lang='lat' dir='ltr'>ditur,</span> <span class='ocrx_word' id='word_1_191' title='bbox 1100 1579 1195 1619; x_wconf 91' lang='lat' dir='ltr'>cujus</span> <span class='ocrx_word' id='word_1_192' title='bbox 1224 1580 1362 1620; x_wconf 88' lang='lat' dir='ltr'>sepulto</span> <span class='ocrx_word' id='word_1_193' title='bbox 1390 1579 1570 1618; x_wconf 88' lang='lat' dir='ltr'>cadavere,</span> <span class='ocrx_word' id='word_1_194' title='bbox 1595 1588 1671 1609; x_wconf 92' lang='lat' dir='ltr'>cum</span> 
     </span>
    </p>
   </div>
   <div class='ocr_carea' id='block_1_12' title="bbox 210 1630 929 2778">
    <p class='ocr_par' dir='ltr' id='par_1_13' title="bbox 210 1630 923 2063">
     <span class='ocr_line' id='line_1_29' title="bbox 210 1630 917 1671; baseline 0.003 -11"><span class='ocrx_word' id='word_1_195' title='bbox 210 1630 375 1670; x_wconf 77' lang='lat' dir='ltr'>furiisque</span> <span class='ocrx_word' id='word_1_196' title='bbox 393 1630 535 1670; x_wconf 84' lang='lat' dir='ltr'>agitata,</span> <span class='ocrx_word' id='word_1_197' title='bbox 549 1630 650 1662; x_wconf 87' lang='lat' dir='ltr'>sicuti</span> <span class='ocrx_word' id='word_1_198' title='bbox 667 1631 702 1661; x_wconf 88' lang='lat' dir='ltr'>in</span> <span class='ocrx_word' id='word_1_199' title='bbox 718 1631 826 1671; x_wconf 84' lang='lat' dir='ltr'>primo</span> <span class='ocrx_word' id='word_1_200' title='bbox 841 1633 917 1662; x_wconf 89' lang='lat' dir='ltr'>Me-</span> 
     </span>
     <span class='ocr_line' id='line_1_30' title="bbox 211 1678 915 1719; baseline 0.001 -9"><span class='ocrx_word' id='word_1_201' title='bbox 211 1685 292 1710; x_wconf 74' lang='lat' dir='ltr'>tam.</span> <span class='ocrx_word' id='word_1_202' title='bbox 320 1678 476 1719; x_wconf 86' lang='lat' dir='ltr'>vidimus,</span> <span class='ocrx_word' id='word_1_203' title='bbox 502 1679 655 1719; x_wconf 84' lang='lat' dir='ltr'>pristinae</span> <span class='ocrx_word' id='word_1_204' title='bbox 679 1678 796 1710; x_wconf 80' lang='lat' dir='ltr'>formae</span> <span class='ocrx_word' id='word_1_205' title='bbox 821 1680 915 1711; x_wconf 86' lang='lat' dir='ltr'>resti-</span> 
     </span>
     <span class='ocr_line' id='line_1_31' title="bbox 212 1728 915 1772; baseline 0.004 -13"><span class='ocrx_word' id='word_1_206' title='bbox 212 1733 300 1768; x_wconf 89' lang='lat' dir='ltr'>tuta,</span> <span class='ocrx_word' id='word_1_207' title='bbox 327 1728 428 1759; x_wconf 85' lang='lat' dir='ltr'>Isidis</span> <span class='ocrx_word' id='word_1_208' title='bbox 455 1730 589 1761; x_wconf 86' lang='lat' dir='ltr'>nomine</span> <span class='ocrx_word' id='word_1_209' title='bbox 617 1731 707 1771; x_wconf 87' lang='lat' dir='ltr'>apud</span> <span class='ocrx_word' id='word_1_210' title='bbox 737 1730 915 1772; x_wconf 83' lang='lat' dir='ltr'>AEgyptios</span> 
     </span>
     <span class='ocr_line' id='line_1_32' title="bbox 213 1780 916 1819; baseline 0.004 -10"><span class='ocrx_word' id='word_1_211' title='bbox 213 1788 274 1819; x_wconf 84' lang='lat' dir='ltr'>pro</span> <span class='ocrx_word' id='word_1_212' title='bbox 300 1780 376 1810; x_wconf 85' lang='lat' dir='ltr'>Dea</span> <span class='ocrx_word' id='word_1_213' title='bbox 402 1780 496 1810; x_wconf 89' lang='lat' dir='ltr'>culta</span> <span class='ocrx_word' id='word_1_214' title='bbox 521 1785 584 1812; x_wconf 87' lang='lat' dir='ltr'>est.</span> <span class='ocrx_word' id='word_1_215' title='bbox 627 1782 712 1812; x_wconf 87' lang='lat' dir='ltr'>Eam</span> <span class='ocrx_word' id='word_1_216' title='bbox 728 1791 810 1812; x_wconf 88' lang='lat' dir='ltr'>vero</span> <span class='ocrx_word' id='word_1_217' title='bbox 835 1791 916 1812; x_wconf 88' lang='lat' dir='ltr'>non-</span> 
     </span>
     <span class='ocr_line' id='line_1_33' title="bbox 213 1829 917 1872; baseline 0.006 -13"><span class='ocrx_word' id='word_1_218' title='bbox 213 1829 298 1860; x_wconf 88' lang='lat' dir='ltr'>nulli</span> <span class='ocrx_word' id='word_1_219' title='bbox 315 1830 489 1868; x_wconf 86' lang='lat' dir='ltr'>Cererem,</span> <span class='ocrx_word' id='word_1_220' title='bbox 514 1831 670 1872; x_wconf 86' lang='lat' dir='ltr'>plerique</span> <span class='ocrx_word' id='word_1_221' title='bbox 699 1832 840 1871; x_wconf 84' lang='lat' dir='ltr'>Lunam,</span> <span class='ocrx_word' id='word_1_222' title='bbox 862 1832 917 1863; x_wconf 88' lang='lat' dir='ltr'>alii</span> 
     </span>
     <span class='ocr_line' id='line_1_34' title="bbox 214 1879 918 1922; baseline 0.006 -13"><span class='ocrx_word' id='word_1_223' title='bbox 214 1879 314 1910; x_wconf 85' lang='lat' dir='ltr'>aliam</span> <span class='ocrx_word' id='word_1_224' title='bbox 329 1879 432 1910; x_wconf 90' lang='lat' dir='ltr'>fuisse</span> <span class='ocrx_word' id='word_1_225' title='bbox 449 1880 671 1920; x_wconf 86' lang='lat' dir='ltr'>scripserunt.</span> <span class='ocrx_word' id='word_1_226' title='bbox 718 1881 772 1912; x_wconf 89' lang='lat' dir='ltr'>De</span> <span class='ocrx_word' id='word_1_227' title='bbox 790 1892 855 1922; x_wconf 83' lang='lat' dir='ltr'>qun</span> <span class='ocrx_word' id='word_1_228' title='bbox 882 1886 918 1913; x_wconf 88' lang='lat' dir='ltr'>et</span> 
     </span>
     <span class='ocr_line' id='line_1_35' title="bbox 216 1929 922 1974; baseline 0.006 -14"><span class='ocrx_word' id='word_1_229' title='bbox 216 1929 351 1961; x_wconf 86' lang='lat' dir='ltr'>Osiride</span> <span class='ocrx_word' id='word_1_230' title='bbox 376 1930 583 1962; x_wconf 84' lang='lat' dir='ltr'>Plutarchus</span> <span class='ocrx_word' id='word_1_231' title='bbox 610 1931 760 1963; x_wconf 85' lang='lat' dir='ltr'>libellum</span> <span class='ocrx_word' id='word_1_232' title='bbox 787 1942 922 1974; x_wconf 87' lang='lat' dir='ltr'>compo-</span> 
     </span>
     <span class='ocr_line' id='line_1_36' title="bbox 216 1979 923 2023; baseline 0.006 -14"><span class='ocrx_word' id='word_1_233' title='bbox 216 1979 305 2018; x_wconf 87' lang='lat' dir='ltr'>suit;</span> <span class='ocrx_word' id='word_1_234' title='bbox 339 1979 548 2020; x_wconf 86' lang='lat' dir='ltr'>Herodotus,</span> <span class='ocrx_word' id='word_1_235' title='bbox 572 1980 755 2022; x_wconf 88' lang='lat' dir='ltr'>Diodorus,</span> <span class='ocrx_word' id='word_1_236' title='bbox 785 1982 923 2023; x_wconf 86' lang='lat' dir='ltr'>plurimi</span> 
     </span>
     <span class='ocr_line' id='line_1_37' title="bbox 219 2029 687 2063; baseline 0.006 -4"><span class='ocrx_word' id='word_1_237' title='bbox 219 2029 276 2060; x_wconf 89' lang='lat' dir='ltr'>alii</span> <span class='ocrx_word' id='word_1_238' title='bbox 293 2031 502 2061; x_wconf 79' lang='lat' dir='ltr'>mentionem</span> <span class='ocrx_word' id='word_1_239' title='bbox 517 2030 687 2063; x_wconf 89' lang='lat' dir='ltr'>feceruut.</span> 
     </span>
    </p>

    <p class='ocr_par' dir='ltr' id='par_1_14' title="bbox 216 2079 927 2624">
     <span class='ocr_line' id='line_1_38' title="bbox 260 2079 923 2119; baseline 0.006 -10"><span class='ocrx_word' id='word_1_240' title='bbox 260 2080 324 2109; x_wconf 81' lang='lat'>689</span> <span class='ocrx_word' id='word_1_241' title='bbox 335 2079 469 2119; x_wconf 83' lang='lat' dir='ltr'>Anubis]</span> <span class='ocrx_word' id='word_1_242' title='bbox 487 2081 587 2112; x_wconf 89' lang='lat' dir='ltr'>Hunc</span> <span class='ocrx_word' id='word_1_243' title='bbox 596 2082 800 2113; x_wconf 86' lang='lat' dir='ltr'>semicanem</span> <span class='ocrx_word' id='word_1_244' title='bbox 809 2083 923 2113; x_wconf 88' lang='lat' dir='ltr'>Deum</span> 
     </span>
     <span class='ocr_line' id='line_1_39' title="bbox 217 2127 923 2172; baseline 0.006 -14"><span class='ocrx_word' id='word_1_245' title='bbox 217 2127 429 2159; x_wconf 86' lang='lat' dir='ltr'>Mercurium</span> <span class='ocrx_word' id='word_1_246' title='bbox 446 2130 564 2160; x_wconf 88' lang='lat' dir='ltr'>volunt</span> <span class='ocrx_word' id='word_1_247' title='bbox 579 2129 696 2170; x_wconf 85' lang='lat' dir='ltr'>fuisse,</span> <span class='ocrx_word' id='word_1_248' title='bbox 715 2140 815 2172; x_wconf 90' lang='lat' dir='ltr'>quem</span> <span class='ocrx_word' id='word_1_249' title='bbox 831 2131 923 2162; x_wconf 90' lang='lat' dir='ltr'>cani-</span> 
     </span>
     <span class='ocr_line' id='line_1_40' title="bbox 220 2177 923 2221; baseline 0.004 -13"><span class='ocrx_word' id='word_1_250' title='bbox 220 2188 264 2209; x_wconf 91' lang='lat' dir='ltr'>no</span> <span class='ocrx_word' id='word_1_251' title='bbox 280 2177 394 2218; x_wconf 86' lang='lat' dir='ltr'>capite</span> <span class='ocrx_word' id='word_1_252' title='bbox 420 2178 497 2209; x_wconf 89' lang='lat' dir='ltr'>ideo</span> <span class='ocrx_word' id='word_1_253' title='bbox 523 2180 565 2210; x_wconf 85' lang='lat' dir='ltr'>ab</span> <span class='ocrx_word' id='word_1_254' title='bbox 580 2179 750 2220; x_wconf 84' lang='lat' dir='ltr'>AEgyptiis</span> <span class='ocrx_word' id='word_1_255' title='bbox 770 2180 837 2211; x_wconf 91' lang='lat' dir='ltr'>coli</span> <span class='ocrx_word' id='word_1_256' title='bbox 853 2181 923 2221; x_wconf 88' lang='lat' dir='ltr'>qui-</span> 
     </span>
     <span class='ocr_line' id='line_1_41' title="bbox 219 2227 922 2270; baseline 0.003 -11"><span class='ocrx_word' id='word_1_257' title='bbox 219 2228 299 2259; x_wconf 88' lang='lat' dir='ltr'>dam</span> <span class='ocrx_word' id='word_1_258' title='bbox 325 2227 574 2268; x_wconf 82' lang='lat' dir='ltr'>scriptitarunt,</span> <span class='ocrx_word' id='word_1_259' title='bbox 598 2229 688 2270; x_wconf 87' lang='lat' dir='ltr'>quod</span> <span class='ocrx_word' id='word_1_260' title='bbox 716 2230 854 2261; x_wconf 89' lang='lat' dir='ltr'>canibus</span> <span class='ocrx_word' id='word_1_261' title='bbox 881 2231 922 2262; x_wconf 89' lang='lat' dir='ltr'>ad</span> 
     </span>
     <span class='ocr_line' id='line_1_42' title="bbox 220 2277 925 2318; baseline 0.001 -8"><span class='ocrx_word' id='word_1_262' title='bbox 220 2277 365 2310; x_wconf 89' lang='lat' dir='ltr'>Osiridis</span> <span class='ocrx_word' id='word_1_263' title='bbox 389 2287 409 2308; x_wconf 89' lang='lat' dir='ltr'>a</span> <span class='ocrx_word' id='word_1_264' title='bbox 430 2277 593 2318; x_wconf 85' lang='lat' dir='ltr'>Typhone</span> <span class='ocrx_word' id='word_1_265' title='bbox 618 2277 725 2310; x_wconf 87' lang='lat' dir='ltr'>fratre</span> <span class='ocrx_word' id='word_1_266' title='bbox 749 2279 925 2311; x_wconf 86' lang='lat' dir='ltr'>interfecti</span> 
     </span>
     <span class='ocr_line' id='line_1_43' title="bbox 217 2329 925 2371; baseline 0.003 -10"><span class='ocrx_word' id='word_1_267' title='bbox 217 2338 341 2370; x_wconf 87' lang='lat' dir='ltr'>corpus</span> <span class='ocrx_word' id='word_1_268' title='bbox 365 2329 639 2370; x_wconf 83' lang='lat' dir='ltr'>investigandum</span> <span class='ocrx_word' id='word_1_269' title='bbox 663 2330 725 2362; x_wconf 90' lang='lat' dir='ltr'>Isis</span> <span class='ocrx_word' id='word_1_270' title='bbox 749 2331 821 2371; x_wconf 88' lang='lat' dir='ltr'>ejus</span> <span class='ocrx_word' id='word_1_271' title='bbox 844 2341 925 2363; x_wconf 90' lang='lat' dir='ltr'>con-</span> 
     </span>
     <span class='ocr_line' id='line_1_44' title="bbox 216 2379 925 2423; baseline 0.004 -12"><span class='ocrx_word' id='word_1_272' title='bbox 216 2381 281 2422; x_wconf 83' lang='lat' dir='ltr'>jux</span> <span class='ocrx_word' id='word_1_273' title='bbox 307 2384 343 2411; x_wconf 89' lang='lat' dir='ltr'>et</span> <span class='ocrx_word' id='word_1_274' title='bbox 365 2389 460 2411; x_wconf 88' lang='lat' dir='ltr'>soror</span> <span class='ocrx_word' id='word_1_275' title='bbox 476 2390 538 2411; x_wconf 89' lang='lat' dir='ltr'>usa</span> <span class='ocrx_word' id='word_1_276' title='bbox 563 2379 679 2412; x_wconf 85' lang='lat' dir='ltr'>fuerit.</span> <span class='ocrx_word' id='word_1_277' title='bbox 724 2382 925 2423; x_wconf 82' lang='lat' dir='ltr'>Quanquam</span> 
     </span>
     <span class='ocr_line' id='line_1_45' title="bbox 224 2430 925 2465; baseline 0.004 -3"><span class='ocrx_word' id='word_1_278' title='bbox 224 2431 282 2462; x_wconf 90' lang='lat' dir='ltr'>alii</span> <span class='ocrx_word' id='word_1_279' title='bbox 312 2430 460 2462; x_wconf 90' lang='lat' dir='ltr'>Anubim</span> <span class='ocrx_word' id='word_1_280' title='bbox 487 2432 634 2464; x_wconf 88' lang='lat' dir='ltr'>Osiridis</span> <span class='ocrx_word' id='word_1_281' title='bbox 665 2432 770 2464; x_wconf 87' lang='lat' dir='ltr'>filium</span> <span class='ocrx_word' id='word_1_282' title='bbox 806 2435 925 2465; x_wconf 88' lang='lat' dir='ltr'>volunt</span> 
     </span>
     <span class='ocr_line' id='line_1_46' title="bbox 224 2482 926 2525; baseline 0.003 -12"><span class='ocrx_word' id='word_1_283' title='bbox 224 2482 339 2523; x_wconf 86' lang='lat' dir='ltr'>fuisse,</span> <span class='ocrx_word' id='word_1_284' title='bbox 355 2486 486 2523; x_wconf 88' lang='lat' dir='ltr'>patrem</span> <span class='ocrx_word' id='word_1_285' title='bbox 514 2483 557 2514; x_wconf 91' lang='lat' dir='ltr'>ad</span> <span class='ocrx_word' id='word_1_286' title='bbox 582 2484 672 2515; x_wconf 92' lang='lat' dir='ltr'>bella</span> <span class='ocrx_word' id='word_1_287' title='bbox 687 2489 854 2524; x_wconf 87' lang='lat' dir='ltr'>secutum,</span> <span class='ocrx_word' id='word_1_288' title='bbox 869 2484 926 2525; x_wconf 91' lang='lat' dir='ltr'>qui</span> 
     </span>
     <span class='ocr_line' id='line_1_47' title="bbox 225 2532 927 2574; baseline 0.004 -12"><span class='ocrx_word' id='word_1_289' title='bbox 225 2541 303 2563; x_wconf 89' lang='lat' dir='ltr'>cum</span> <span class='ocrx_word' id='word_1_290' title='bbox 320 2532 447 2573; x_wconf 88' lang='lat' dir='ltr'>galeam</span> <span class='ocrx_word' id='word_1_291' title='bbox 473 2542 558 2564; x_wconf 88' lang='lat' dir='ltr'>cane</span> <span class='ocrx_word' id='word_1_292' title='bbox 581 2533 744 2574; x_wconf 83' lang='lat' dir='ltr'>insignem</span> <span class='ocrx_word' id='word_1_293' title='bbox 761 2539 927 2574; x_wconf 73' lang='lat' dir='ltr'>gestaret,</span> 
     </span>
     <span class='ocr_line' id='line_1_48' title="bbox 226 2582 768 2624; baseline 0.002 -10"><span class='ocrx_word' id='word_1_294' title='bbox 226 2582 350 2614; x_wconf 88' lang='lat' dir='ltr'>canino</span> <span class='ocrx_word' id='word_1_295' title='bbox 367 2582 481 2623; x_wconf 88' lang='lat' dir='ltr'>capite</span> <span class='ocrx_word' id='word_1_296' title='bbox 498 2582 581 2624; x_wconf 83' lang='lat' dir='ltr'>fingi</span> <span class='ocrx_word' id='word_1_297' title='bbox 593 2584 768 2616; x_wconf 85' lang='lat' dir='ltr'>meruerit.</span> 
     </span>
    </p>

    <p class='ocr_par' dir='ltr' id='par_1_15' title="bbox 228 2632 929 2778">
     <span class='ocr_line' id='line_1_49' title="bbox 267 2632 928 2675; baseline 0.005 -13"><span class='ocrx_word' id='word_1_298' title='bbox 267 2634 332 2663; x_wconf 83' lang='lat'>690</span> <span class='ocrx_word' id='word_1_299' title='bbox 354 2632 520 2674; x_wconf 79' lang='lat' dir='ltr'>Bubastis]</span> <span class='ocrx_word' id='word_1_300' title='bbox 543 2634 689 2665; x_wconf 85' lang='lat' dir='ltr'>Dianam</span> <span class='ocrx_word' id='word_1_301' title='bbox 702 2644 773 2665; x_wconf 88' lang='lat' dir='ltr'>esse</span> <span class='ocrx_word' id='word_1_302' title='bbox 792 2634 928 2675; x_wconf 86' lang='lat' dir='ltr'>scripsit</span> 
     </span>
     <span class='ocr_line' id='line_1_50' title="bbox 228 2681 928 2726; baseline 0.004 -14"><span class='ocrx_word' id='word_1_303' title='bbox 228 2681 445 2714; x_wconf 77' lang='lat' dir='ltr'>Herodotus:</span> <span class='ocrx_word' id='word_1_304' title='bbox 468 2692 661 2725; x_wconf 83' lang='lat' dir='ltr'>quanquam</span> <span class='ocrx_word' id='word_1_305' title='bbox 685 2694 746 2726; x_wconf 89' lang='lat' dir='ltr'>pro</span> <span class='ocrx_word' id='word_1_306' title='bbox 762 2684 837 2726; x_wconf 84' lang='lat' dir='ltr'>ipsa</span> <span class='ocrx_word' id='word_1_307' title='bbox 851 2694 928 2725; x_wconf 90' lang='lat' dir='ltr'>quo-</span> 
     </span>
     <span class='ocr_line' id='line_1_51' title="bbox 229 2734 929 2778; baseline 0.006 -13"><span class='ocrx_word' id='word_1_308' title='bbox 229 2744 293 2776; x_wconf 83' lang='lat' dir='ltr'>que</span> <span class='ocrx_word' id='word_1_309' title='bbox 319 2734 411 2767; x_wconf 87' lang='lat' dir='ltr'>Iside</span> <span class='ocrx_word' id='word_1_310' title='bbox 435 2735 619 2778; x_wconf 82' lang='lat' dir='ltr'>accipitur,</span> <span class='ocrx_word' id='word_1_311' title='bbox 645 2740 683 2769; x_wconf 88' lang='lat' dir='ltr'>ut</span> <span class='ocrx_word' id='word_1_312' title='bbox 706 2746 750 2769; x_wconf 84' lang='lat' dir='ltr'>ex</span> <span class='ocrx_word' id='word_1_313' title='bbox 774 2736 929 2769; x_wconf 85' lang='lat' dir='ltr'>Diodoro</span> 
     </span>
    </p>
   </div>
   <div class='ocr_carea' id='block_1_13' title="bbox 972 1628 1686 2666">
    <p class='ocr_par' dir='ltr' id='par_1_16' title="bbox 972 1628 1682 2369">
     <span class='ocr_line' id='line_1_52' title="bbox 972 1628 1674 1670; baseline 0 -11"><span class='ocrx_word' id='word_1_314' title='bbox 972 1629 1152 1670; x_wconf 66' lang='lat' dir='ltr'>praestanti</span> <span class='ocrx_word' id='word_1_315' title='bbox 1164 1630 1279 1669; x_wconf 88' lang='lat' dir='ltr'>specie</span> <span class='ocrx_word' id='word_1_316' title='bbox 1290 1629 1457 1670; x_wconf 81' lang='lat' dir='ltr'>AEgyptiis</span> <span class='ocrx_word' id='word_1_317' title='bbox 1466 1629 1526 1660; x_wconf 90' lang='lat' dir='ltr'>bos</span> <span class='ocrx_word' id='word_1_318' title='bbox 1536 1628 1674 1670; x_wconf 87' lang='lat' dir='ltr'>quidam</span> 
     </span>
     <span class='ocr_line' id='line_1_53' title="bbox 972 1678 1675 1719; baseline 0 -10"><span class='ocrx_word' id='word_1_319' title='bbox 972 1678 1200 1719; x_wconf 87' lang='lat' dir='ltr'>apparuisset,</span> <span class='ocrx_word' id='word_1_320' title='bbox 1229 1679 1324 1710; x_wconf 88' lang='lat' dir='ltr'>illum</span> <span class='ocrx_word' id='word_1_321' title='bbox 1355 1679 1483 1709; x_wconf 86' lang='lat' dir='ltr'>Osirim</span> <span class='ocrx_word' id='word_1_322' title='bbox 1513 1679 1581 1709; x_wconf 83' lang='lat' dir='ltr'>rati</span> <span class='ocrx_word' id='word_1_323' title='bbox 1613 1687 1675 1719; x_wconf 86' lang='lat' dir='ltr'>pro</span> 
     </span>
     <span class='ocr_line' id='line_1_54' title="bbox 973 1727 1676 1770; baseline -0.001 -10"><span class='ocrx_word' id='word_1_324' title='bbox 973 1729 1048 1760; x_wconf 89' lang='lat' dir='ltr'>Deo</span> <span class='ocrx_word' id='word_1_325' title='bbox 1072 1729 1261 1769; x_wconf 88' lang='lat' dir='ltr'>coluerunt,</span> <span class='ocrx_word' id='word_1_326' title='bbox 1276 1733 1311 1760; x_wconf 87' lang='lat' dir='ltr'>et</span> <span class='ocrx_word' id='word_1_327' title='bbox 1332 1727 1446 1770; x_wconf 87' lang='lat' dir='ltr'>Apim,</span> <span class='ocrx_word' id='word_1_328' title='bbox 1462 1729 1525 1760; x_wconf 89' lang='lat' dir='ltr'>hoc</span> <span class='ocrx_word' id='word_1_329' title='bbox 1541 1733 1606 1769; x_wconf 87' lang='lat' dir='ltr'>est,</span> <span class='ocrx_word' id='word_1_330' title='bbox 1621 1738 1676 1759; x_wconf 85' lang='lat' dir='ltr'>eo-</span> 
     </span>
     <span class='ocr_line' id='line_1_55' title="bbox 972 1779 1677 1820; baseline -0.001 -10"><span class='ocrx_word' id='word_1_331' title='bbox 972 1789 1046 1811; x_wconf 90' lang='lat' dir='ltr'>rum</span> <span class='ocrx_word' id='word_1_332' title='bbox 1063 1780 1188 1820; x_wconf 82' lang='lat' dir='ltr'>lingua,</span> <span class='ocrx_word' id='word_1_333' title='bbox 1202 1780 1344 1818; x_wconf 90' lang='lat' dir='ltr'>Bovem,</span> <span class='ocrx_word' id='word_1_334' title='bbox 1367 1779 1595 1820; x_wconf 83' lang='lat' dir='ltr'>appellarunt.</span> <span class='ocrx_word' id='word_1_335' title='bbox 1633 1779 1677 1809; x_wconf 84' lang='lat' dir='ltr'>E-</span> 
     </span>
     <span class='ocr_line' id='line_1_56' title="bbox 974 1829 1678 1872; baseline 0 -12"><span class='ocrx_word' id='word_1_336' title='bbox 974 1830 1122 1872; x_wconf 90' lang='lat' dir='ltr'>paphum</span> <span class='ocrx_word' id='word_1_337' title='bbox 1136 1830 1236 1860; x_wconf 85' lang='lat' dir='ltr'>Isidis</span> <span class='ocrx_word' id='word_1_338' title='bbox 1249 1829 1354 1860; x_wconf 89' lang='lat' dir='ltr'>filium</span> <span class='ocrx_word' id='word_1_339' title='bbox 1367 1829 1451 1861; x_wconf 84' lang='lat' dir='ltr'>facit</span> <span class='ocrx_word' id='word_1_340' title='bbox 1466 1829 1678 1868; x_wconf 67' lang='lat' dir='ltr'>Hei-odotuS‚</span> 
     </span>
     <span class='ocr_line' id='line_1_57' title="bbox 976 1879 1677 1920; baseline -0.001 -8"><span class='ocrx_word' id='word_1_341' title='bbox 976 1881 1030 1912; x_wconf 89' lang='lat' dir='ltr'>cui</span> <span class='ocrx_word' id='word_1_342' title='bbox 1047 1884 1164 1911; x_wconf 87' lang='lat' dir='ltr'>cetera</span> <span class='ocrx_word' id='word_1_343' title='bbox 1179 1880 1290 1920; x_wconf 84' lang='lat' dir='ltr'>nigro,</span> <span class='ocrx_word' id='word_1_344' title='bbox 1314 1880 1348 1910; x_wconf 90' lang='lat' dir='ltr'>in</span> <span class='ocrx_word' id='word_1_345' title='bbox 1373 1879 1487 1911; x_wconf 89' lang='lat' dir='ltr'>fronte</span> <span class='ocrx_word' id='word_1_346' title='bbox 1512 1880 1677 1911; x_wconf 85' lang='lat' dir='ltr'>maculam</span> 
     </span>
     <span class='ocr_line' id='line_1_58' title="bbox 976 1927 1679 1971; baseline -0.001 -10"><span class='ocrx_word' id='word_1_347' title='bbox 976 1930 1087 1961; x_wconf 84' lang='lat' dir='ltr'>albam</span> <span class='ocrx_word' id='word_1_348' title='bbox 1102 1929 1219 1961; x_wconf 88' lang='lat' dir='ltr'>formae</span> <span class='ocrx_word' id='word_1_349' title='bbox 1237 1930 1425 1971; x_wconf 85' lang='lat' dir='ltr'>quadratae,</span> <span class='ocrx_word' id='word_1_350' title='bbox 1439 1931 1472 1960; x_wconf 89' lang='lat' dir='ltr'>in</span> <span class='ocrx_word' id='word_1_351' title='bbox 1489 1935 1587 1970; x_wconf 84' lang='lat' dir='ltr'>tergo</span> <span class='ocrx_word' id='word_1_352' title='bbox 1611 1927 1679 1960; x_wconf 86' lang='lat' dir='ltr'>effi-</span> 
     </span>
     <span class='ocr_line' id='line_1_59' title="bbox 976 1979 1677 2021; baseline -0.003 -10"><span class='ocrx_word' id='word_1_353' title='bbox 976 1981 1066 2021; x_wconf 88' lang='lat' dir='ltr'>giem</span> <span class='ocrx_word' id='word_1_354' title='bbox 1096 1980 1228 2021; x_wconf 84' lang='lat' dir='ltr'>aquilae,</span> <span class='ocrx_word' id='word_1_355' title='bbox 1256 1980 1457 2010; x_wconf 90' lang='lat' dir='ltr'>cantharum</span> <span class='ocrx_word' id='word_1_356' title='bbox 1485 1979 1519 2010; x_wconf 90' lang='lat' dir='ltr'>in</span> <span class='ocrx_word' id='word_1_357' title='bbox 1548 1979 1677 2020; x_wconf 79' lang='lat' dir='ltr'>palato,</span> 
     </span>
     <span class='ocr_line' id='line_1_60' title="bbox 977 2029 1680 2070; baseline -0.003 -9"><span class='ocrx_word' id='word_1_358' title='bbox 977 2030 1129 2070; x_wconf 85' lang='lat' dir='ltr'>duplices</span> <span class='ocrx_word' id='word_1_359' title='bbox 1142 2030 1175 2060; x_wconf 93' lang='lat' dir='ltr'>in</span> <span class='ocrx_word' id='word_1_360' title='bbox 1189 2030 1299 2061; x_wconf 85' lang='lat' dir='ltr'>cauda</span> <span class='ocrx_word' id='word_1_361' title='bbox 1312 2030 1399 2070; x_wconf 90' lang='lat' dir='ltr'>pilos</span> <span class='ocrx_word' id='word_1_362' title='bbox 1414 2029 1543 2061; x_wconf 87' lang='lat' dir='ltr'>tribuit.</span> <span class='ocrx_word' id='word_1_363' title='bbox 1566 2029 1680 2061; x_wconf 88' lang='lat' dir='ltr'>Aliter</span> 
     </span>
     <span class='ocr_line' id='line_1_61' title="bbox 978 2079 1680 2120; baseline 0 -11"><span class='ocrx_word' id='word_1_364' title='bbox 978 2089 1053 2110; x_wconf 90' lang='lat' dir='ltr'>eum</span> <span class='ocrx_word' id='word_1_365' title='bbox 1071 2079 1234 2109; x_wconf 88' lang='lat' dir='ltr'>describit</span> <span class='ocrx_word' id='word_1_366' title='bbox 1255 2079 1399 2118; x_wconf 88' lang='lat' dir='ltr'>Plinius,</span> <span class='ocrx_word' id='word_1_367' title='bbox 1423 2079 1573 2120; x_wconf 89' lang='lat' dir='ltr'>itemque</span> <span class='ocrx_word' id='word_1_368' title='bbox 1594 2079 1680 2110; x_wconf 92' lang='lat' dir='ltr'>Soli-</span> 
     </span>
     <span class='ocr_line' id='line_1_62' title="bbox 978 2128 1679 2171; baseline 0.004 -13"><span class='ocrx_word' id='word_1_369' title='bbox 978 2138 1038 2159; x_wconf 84' lang='lat' dir='ltr'>nus</span> <span class='ocrx_word' id='word_1_370' title='bbox 1051 2139 1059 2167; x_wconf 69' lang='grc' dir='ltr'><strong><em>ς</em></strong></span> <span class='ocrx_word' id='word_1_371' title='bbox 1076 2128 1257 2169; x_wconf 85' lang='lat' dir='ltr'>variusque</span> <span class='ocrx_word' id='word_1_372' title='bbox 1271 2139 1290 2159; x_wconf 93' lang='lat' dir='ltr'>a</span> <span class='ocrx_word' id='word_1_373' title='bbox 1304 2129 1405 2160; x_wconf 90' lang='lat' dir='ltr'>variis</span> <span class='ocrx_word' id='word_1_374' title='bbox 1417 2129 1565 2170; x_wconf 85' lang='lat' dir='ltr'>habitus,</span> <span class='ocrx_word' id='word_1_375' title='bbox 1578 2139 1679 2171; x_wconf 88' lang='lat' dir='ltr'>quem</span> 
     </span>
     <span class='ocr_line' id='line_1_63' title="bbox 977 2178 1681 2220; baseline 0.001 -10"><span class='ocrx_word' id='word_1_376' title='bbox 977 2180 1162 2219; x_wconf 87' lang='lat' dir='ltr'>Bacchum,</span> <span class='ocrx_word' id='word_1_377' title='bbox 1186 2179 1380 2218; x_wconf 85' lang='lat' dir='ltr'>Plutonem,</span> <span class='ocrx_word' id='word_1_378' title='bbox 1394 2178 1607 2220; x_wconf 83' lang='lat' dir='ltr'>Ammonem,</span> <span class='ocrx_word' id='word_1_379' title='bbox 1622 2180 1681 2211; x_wconf 90' lang='lat' dir='ltr'>So-</span> 
     </span>
     <span class='ocr_line' id='line_1_64' title="bbox 977 2229 1682 2270; baseline 0.001 -10"><span class='ocrx_word' id='word_1_380' title='bbox 977 2230 1056 2268; x_wconf 89' lang='lat' dir='ltr'>lem,</span> <span class='ocrx_word' id='word_1_381' title='bbox 1069 2230 1191 2261; x_wconf 86' lang='lat' dir='ltr'>Jovem</span> <span class='ocrx_word' id='word_1_382' title='bbox 1205 2239 1338 2270; x_wconf 87' lang='lat' dir='ltr'>quoque</span> <span class='ocrx_word' id='word_1_383' title='bbox 1352 2229 1524 2269; x_wconf 86' lang='lat' dir='ltr'>fecerunt,</span> <span class='ocrx_word' id='word_1_384' title='bbox 1537 2239 1600 2261; x_wconf 90' lang='lat' dir='ltr'>nec</span> <span class='ocrx_word' id='word_1_385' title='bbox 1614 2230 1682 2262; x_wconf 79' lang='lat' dir='ltr'>n&#39;on</span> 
     </span>
     <span class='ocr_line' id='line_1_65' title="bbox 978 2279 1681 2321; baseline 0.001 -11"><span class='ocrx_word' id='word_1_386' title='bbox 978 2279 1082 2310; x_wconf 83' lang='lat' dir='ltr'>etiam</span> <span class='ocrx_word' id='word_1_387' title='bbox 1097 2279 1284 2319; x_wconf 79' lang='lat' dir='ltr'>Josephum</span> <span class='ocrx_word' id='word_1_388' title='bbox 1314 2288 1389 2311; x_wconf 89' lang='lat' dir='ltr'>esse</span> <span class='ocrx_word' id='word_1_389' title='bbox 1413 2289 1479 2311; x_wconf 90' lang='lat' dir='ltr'>non</span> <span class='ocrx_word' id='word_1_390' title='bbox 1496 2281 1568 2311; x_wconf 89' lang='lat' dir='ltr'>sine</span> <span class='ocrx_word' id='word_1_391' title='bbox 1585 2281 1681 2321; x_wconf 81' lang='lat' dir='ltr'>gravi</span> 
     </span>
     <span class='ocr_line' id='line_1_66' title="bbox 979 2329 1315 2369; baseline 0 -9"><span class='ocrx_word' id='word_1_392' title='bbox 979 2339 1081 2360; x_wconf 85' lang='lat' dir='ltr'>causa</span> <span class='ocrx_word' id='word_1_393' title='bbox 1096 2329 1315 2369; x_wconf 87' lang='lat' dir='ltr'>scripserunt.</span> 
     </span>
    </p>

    <p class='ocr_par' dir='ltr' id='par_1_17' title="bbox 979 2378 1686 2666">
     <span class='ocr_line' id='line_1_67' title="bbox 1021 2378 1680 2420; baseline 0.002 -10"><span class='ocrx_word' id='word_1_394' title='bbox 1021 2382 1083 2411; x_wconf 83' lang='lat'>691</span> <span class='ocrx_word' id='word_1_395' title='bbox 1125 2378 1260 2420; x_wconf 76' lang='lat' dir='ltr'>Quique]</span> <span class='ocrx_word' id='word_1_396' title='bbox 1297 2378 1548 2420; x_wconf 82' lang='lat' dir='ltr'>Harpocrates,</span> <span class='ocrx_word' id='word_1_397' title='bbox 1585 2379 1680 2411; x_wconf 90' lang='lat' dir='ltr'>Deus</span> 
     </span>
     <span class='ocr_line' id='line_1_68' title="bbox 980 2429 1682 2471; baseline 0 -10"><span class='ocrx_word' id='word_1_398' title='bbox 980 2429 1234 2468; x_wconf 84' lang='lat' dir='ltr'>taciturnitatis,</span> <span class='ocrx_word' id='word_1_399' title='bbox 1258 2429 1314 2470; x_wconf 91' lang='lat' dir='ltr'>qui</span> <span class='ocrx_word' id='word_1_400' title='bbox 1337 2429 1443 2471; x_wconf 88' lang='lat' dir='ltr'>digito</span> <span class='ocrx_word' id='word_1_401' title='bbox 1466 2429 1518 2460; x_wconf 87' lang='lat' dir='ltr'>ori</span> <span class='ocrx_word' id='word_1_402' title='bbox 1545 2429 1682 2461; x_wconf 87' lang='lat' dir='ltr'>admoto</span> 
     </span>
     <span class='ocr_line' id='line_1_69' title="bbox 980 2481 1683 2524; baseline -0.001 -11"><span class='ocrx_word' id='word_1_403' title='bbox 980 2481 1131 2513; x_wconf 89' lang='lat' dir='ltr'>indicere</span> <span class='ocrx_word' id='word_1_404' title='bbox 1155 2482 1348 2523; x_wconf 81' lang='lat' dir='ltr'>videbatur,</span> <span class='ocrx_word' id='word_1_405' title='bbox 1373 2491 1416 2514; x_wconf 92' lang='lat' dir='ltr'>ne</span> <span class='ocrx_word' id='word_1_406' title='bbox 1431 2482 1504 2524; x_wconf 89' lang='lat' dir='ltr'>quis</span> <span class='ocrx_word' id='word_1_407' title='bbox 1530 2481 1683 2513; x_wconf 86' lang='lat' dir='ltr'>homines</span> 
     </span>
     <span class='ocr_line' id='line_1_70' title="bbox 979 2530 1686 2574; baseline 0.003 -12"><span class='ocrx_word' id='word_1_408' title='bbox 979 2530 1083 2563; x_wconf 83' lang='lat' dir='ltr'>fuisse</span> <span class='ocrx_word' id='word_1_409' title='bbox 1100 2537 1258 2573; x_wconf 83' lang='lat' dir='ltr'>argueret</span> <span class='ocrx_word' id='word_1_410' title='bbox 1273 2542 1357 2574; x_wconf 90' lang='lat' dir='ltr'>quos</span> <span class='ocrx_word' id='word_1_411' title='bbox 1381 2537 1449 2564; x_wconf 89' lang='lat' dir='ltr'>tam</span> <span class='ocrx_word' id='word_1_412' title='bbox 1472 2533 1565 2574; x_wconf 87' lang='lat' dir='ltr'>turpi</span> <span class='ocrx_word' id='word_1_413' title='bbox 1579 2533 1686 2564; x_wconf 89' lang='lat' dir='ltr'>idolo·</span> 
     </span>
     <span class='ocr_line' id='line_1_71' title="bbox 981 2581 1684 2625; baseline 0 -11"><span class='ocrx_word' id='word_1_414' title='bbox 981 2583 1083 2614; x_wconf 87' lang='lat' dir='ltr'>latria</span> <span class='ocrx_word' id='word_1_415' title='bbox 1112 2583 1376 2615; x_wconf 85' lang='lat' dir='ltr'>venerabantur.</span> <span class='ocrx_word' id='word_1_416' title='bbox 1437 2583 1515 2616; x_wconf 84' lang='lat' dir='ltr'>Quo</span> <span class='ocrx_word' id='word_1_417' title='bbox 1544 2581 1684 2625; x_wconf 83' lang='lat' dir='ltr'>quidem</span> 
     </span>
     <span class='ocr_line' id='line_1_72' title="bbox 983 2632 1683 2666; baseline 0 -2"><span class='ocrx_word' id='word_1_418' title='bbox 983 2633 1188 2665; x_wconf 84' lang='lat' dir='ltr'>admonente</span> <span class='ocrx_word' id='word_1_419' title='bbox 1231 2633 1417 2666; x_wconf 83' lang='lat' dir='ltr'>Christiani</span> <span class='ocrx_word' id='word_1_420' title='bbox 1459 2632 1683 2665; x_wconf 83' lang='lat' dir='ltr'>nefandorum</span> 
     </span>
    </p>
   </div>
   <div class='ocr_carea' id='block_1_14' title="bbox 982 2683 1684 2768">
    <p class='ocr_par' dir='ltr' id='par_1_18' title="bbox 982 2683 1684 2768">
     <span class='ocr_line' id='line_1_73' title="bbox 982 2683 1684 2718; baseline 0.001 -4"><span class='ocrx_word' id='word_1_421' title='bbox 982 2683 1150 2716; x_wconf 89' lang='lat' dir='ltr'>idolorum</span> <span class='ocrx_word' id='word_1_422' title='bbox 1177 2684 1351 2718; x_wconf 85' lang='lat' dir='ltr'>cunabula</span> <span class='ocrx_word' id='word_1_423' title='bbox 1378 2684 1523 2718; x_wconf 83' lang='lat' dir='ltr'>scrutari</span> <span class='ocrx_word' id='word_1_424' title='bbox 1552 2684 1684 2717; x_wconf 80' lang='lat' dir='ltr'>utinam</span> 
     </span>
     <span class='ocr_line' id='line_1_74' title="bbox 983 2733 1173 2768; baseline 0.005 -2"><span class='ocrx_word' id='word_1_425' title='bbox 983 2733 1173 2768; x_wconf 83' lang='lat' dir='ltr'>desiissent.</span> 
     </span>
    </p>
   </div>
  </div>
 </body>
</html>
