<?xml version="1.0" encoding="UTF-8"?>
<!DOCTYPE html PUBLIC "-//W3C//DTD XHTML 1.0 Transitional//EN"
    "http://www.w3.org/TR/xhtml1/DTD/xhtml1-transitional.dtd">
<html xmlns="http://www.w3.org/1999/xhtml" xml:lang="en" lang="en">
 <head>
  <title>
</title>
<meta http-equiv="Content-Type" content="text/html;charset=utf-8" />
  <meta name='ocr-system' content='tesseract 3.04.00' />
  <meta name='ocr-capabilities' content='ocr_page ocr_carea ocr_par ocr_line ocrx_word'/>
</head>
<body>
  <div class='ocr_page' id='page_1' title='image "./operaomniaexedit03oviduoft_0320.png"; bbox 0 0 1831 3023; ppageno 0'>
   <div class='ocr_carea' id='block_1_1' title="bbox 149 187 1112 235">
    <p class='ocr_par' dir='ltr' id='par_1_1' title="bbox 149 187 1112 235">
     <span class='ocr_line' id='line_1_1' title="bbox 149 187 1112 235; baseline 0.004 -5"><span class='ocrx_word' id='word_1_1' title='bbox 149 187 264 232; x_wconf 82' lang='lat'>1384</span> <span class='ocrx_word' id='word_1_2' title='bbox 633 203 675 233; x_wconf 85' lang='lat' dir='ltr'>P.</span> <span class='ocrx_word' id='word_1_3' title='bbox 708 202 866 233; x_wconf 82' lang='lat' dir='ltr'>ovmn</span> <span class='ocrx_word' id='word_1_4' title='bbox 900 203 1112 235; x_wconf 73' lang='lat' dir='ltr'>NAsoms</span> 
     </span>
    </p>
   </div>
   <div class='ocr_carea' id='block_1_2' title="bbox 150 293 1442 1214">
    <p class='ocr_par' dir='ltr' id='par_1_2' title="bbox 150 293 1352 482">
     <span class='ocr_line' id='line_1_2' title="bbox 151 293 1322 349; baseline 0.003 -16"><span class='ocrx_word' id='word_1_5' title='bbox 151 293 296 344; x_wconf 85' lang='lat' dir='ltr'>Quam</span> <span class='ocrx_word' id='word_1_6' title='bbox 316 295 450 335; x_wconf 91' lang='lat' dir='ltr'>nolim</span> <span class='ocrx_word' id='word_1_7' title='bbox 469 299 567 336; x_wconf 83' lang='lat' dir='ltr'>rata</span> <span class='ocrx_word' id='word_1_8' title='bbox 587 297 667 337; x_wconf 87' lang='lat' dir='ltr'>sit!</span> <span class='ocrx_word' id='word_1_9' title='bbox 700 310 777 337; x_wconf 87' lang='lat' dir='ltr'>cur</span> <span class='ocrx_word' id='word_1_10' title='bbox 795 298 890 338; x_wconf 80' lang='lat' dir='ltr'>hoec</span> <span class='ocrx_word' id='word_1_11' title='bbox 911 311 992 349; x_wconf 84' lang='lat' dir='ltr'>ego</span> <span class='ocrx_word' id='word_1_12' title='bbox 1013 299 1182 339; x_wconf 82' lang='lat' dir='ltr'>somnia</span> <span class='ocrx_word' id='word_1_13' title='bbox 1204 297 1322 339; x_wconf 76' lang='lat' dir='ltr'>vidi‘?</span> 
     </span>
     <span class='ocr_line' id='line_1_3' title="bbox 151 361 1352 417; baseline 0.002 -15"><span class='ocrx_word' id='word_1_14' title='bbox 151 361 233 402; x_wconf 88' lang='lat' dir='ltr'>Ille</span> <span class='ocrx_word' id='word_1_15' title='bbox 256 362 432 414; x_wconf 88' lang='lat' dir='ltr'>quidem</span> <span class='ocrx_word' id='word_1_16' title='bbox 450 367 517 404; x_wconf 81' lang='lat' dir='ltr'>est</span> <span class='ocrx_word' id='word_1_17' title='bbox 537 363 681 404; x_wconf 87' lang='lat' dir='ltr'>oculis</span> <span class='ocrx_word' id='word_1_18' title='bbox 703 364 905 416; x_wconf 84' lang='lat' dir='ltr'>quamvis</span> <span class='ocrx_word' id='word_1_19' title='bbox 926 363 1148 405; x_wconf 85' lang='lat' dir='ltr'>formosus</span> <span class='ocrx_word' id='word_1_20' title='bbox 1166 365 1352 417; x_wconf 88' lang='lat' dir='ltr'>iniquis:</span> 
     </span>
     <span class='ocr_line' id='line_1_4' title="bbox 150 426 1266 482; baseline 0.004 -15"><span class='ocrx_word' id='word_1_21' title='bbox 150 426 211 467; x_wconf 86' lang='lat' dir='ltr'>Et</span> <span class='ocrx_word' id='word_1_22' title='bbox 228 428 388 480; x_wconf 80' lang='lat' dir='ltr'>placet,</span> <span class='ocrx_word' id='word_1_23' title='bbox 407 432 448 470; x_wconf 82' lang='lat' dir='ltr'>et</span> <span class='ocrx_word' id='word_1_24' title='bbox 468 442 666 482; x_wconf 88' lang='lat' dir='ltr'>possum,</span> <span class='ocrx_word' id='word_1_25' title='bbox 689 429 727 467; x_wconf 93' lang='lat' dir='ltr'>si</span> <span class='ocrx_word' id='word_1_26' title='bbox 747 440 832 467; x_wconf 89' lang='lat' dir='ltr'>non</span> <span class='ocrx_word' id='word_1_27' title='bbox 852 429 907 468; x_wconf 80' lang='lat' dir='ltr'>sit</span> <span class='ocrx_word' id='word_1_28' title='bbox 928 429 1071 481; x_wconf 86' lang='lat' dir='ltr'>frater,</span> <span class='ocrx_word' id='word_1_29' title='bbox 1093 444 1239 472; x_wconf 81' lang='lat' dir='ltr'>amare</span> <span class='ocrx_word' id='word_1_30' title='bbox 1256 444 1266 471; x_wconf 80' lang='lat' dir='ltr'>t</span> 
     </span>
    </p>

    <p class='ocr_par' dir='ltr' id='par_1_3' title="bbox 150 493 1343 944">
     <span class='ocr_line' id='line_1_5' title="bbox 151 493 1318 547; baseline 0.003 -13"><span class='ocrx_word' id='word_1_31' title='bbox 151 493 211 534; x_wconf 89' lang='lat' dir='ltr'>Et</span> <span class='ocrx_word' id='word_1_32' title='bbox 228 508 296 535; x_wconf 89' lang='lat' dir='ltr'>me</span> <span class='ocrx_word' id='word_1_33' title='bbox 317 497 468 547; x_wconf 86' lang='lat' dir='ltr'>dignus</span> <span class='ocrx_word' id='word_1_34' title='bbox 489 499 595 534; x_wconf 87' lang='lat' dir='ltr'>erat.</span> <span class='ocrx_word' id='word_1_35' title='bbox 656 494 824 534; x_wconf 88' lang='lat' dir='ltr'>Verum</span> <span class='ocrx_word' id='word_1_36' title='bbox 844 501 974 536; x_wconf 85' lang='lat' dir='ltr'>nocet</span> <span class='ocrx_word' id='word_1_37' title='bbox 991 510 1089 538; x_wconf 87' lang='lat' dir='ltr'>esse</span> <span class='ocrx_word' id='word_1_38' title='bbox 1112 511 1318 539; x_wconf 86' lang='lat' dir='ltr'>sororem.</span> 
     </span>
     <span class='ocr_line' id='line_1_6' title="bbox 150 560 1340 615; baseline 0.003 -14"><span class='ocrx_word' id='word_1_39' title='bbox 150 561 404 602; x_wconf 90' lang='lat' dir='ltr'>Dummodo</span> <span class='ocrx_word' id='word_1_40' title='bbox 423 560 511 600; x_wconf 86' lang='lat' dir='ltr'>tale</span> <span class='ocrx_word' id='word_1_41' title='bbox 533 560 640 599; x_wconf 89' lang='lat' dir='ltr'>nihil</span> <span class='ocrx_word' id='word_1_42' title='bbox 654 560 839 612; x_wconf 82' lang='lat' dir='ltr'>vigilans</span> <span class='ocrx_word' id='word_1_43' title='bbox 862 564 1129 605; x_wconf 82' lang='lat' dir='ltr'>committere</span> <span class='ocrx_word' id='word_1_44' title='bbox 1150 570 1310 605; x_wconf 79' lang='lat' dir='ltr'>tentem</span> <span class='ocrx_word' id='word_1_45' title='bbox 1330 577 1340 615; x_wconf 90' lang='lat'>;</span> 
     </span>
     <span class='ocr_line' id='line_1_7' title="bbox 151 625 1259 681; baseline 0.002 -14"><span class='ocrx_word' id='word_1_46' title='bbox 151 627 283 679; x_wconf 85' lang='lat' dir='ltr'>Saepe</span> <span class='ocrx_word' id='word_1_47' title='bbox 301 627 404 666; x_wconf 88' lang='lat' dir='ltr'>licet</span> <span class='ocrx_word' id='word_1_48' title='bbox 424 625 556 665; x_wconf 89' lang='lat' dir='ltr'>simili</span> <span class='ocrx_word' id='word_1_49' title='bbox 577 626 730 667; x_wconf 82' lang='lat' dir='ltr'>redeat</span> <span class='ocrx_word' id='word_1_50' title='bbox 751 628 834 667; x_wconf 91' lang='lat' dir='ltr'>sub</span> <span class='ocrx_word' id='word_1_51' title='bbox 855 629 1041 681; x_wconf 84' lang='lat' dir='ltr'>imagine</span> <span class='ocrx_word' id='word_1_52' title='bbox 1063 643 1259 671; x_wconf 87' lang='lat' dir='ltr'>somnus.</span> 
     </span>
     <span class='ocr_line' id='line_1_8' title="bbox 151 691 1329 751; baseline 0.005 -18"><span class='ocrx_word' id='word_1_53' title='bbox 151 692 298 733; x_wconf 87' lang='lat' dir='ltr'>Testis</span> <span class='ocrx_word' id='word_1_54' title='bbox 319 691 442 732; x_wconf 86' lang='lat' dir='ltr'>abest</span> <span class='ocrx_word' id='word_1_55' title='bbox 461 704 641 744; x_wconf 80' lang='lat' dir='ltr'>somn03</span> <span class='ocrx_word' id='word_1_56' title='bbox 672 706 752 733; x_wconf 90' lang='lat' dir='ltr'>nec</span> <span class='ocrx_word' id='word_1_57' title='bbox 773 695 904 734; x_wconf 83' lang='lat' dir='ltr'>abest</span> <span class='ocrx_word' id='word_1_58' title='bbox 921 695 1089 736; x_wconf 81' lang='lat' dir='ltr'>imitata</span> <span class='ocrx_word' id='word_1_59' title='bbox 1109 698 1329 751; x_wconf 77' lang='lat' dir='ltr'>voluptas,</span> 
     </span>
     <span class='ocr_line' id='line_1_9' title="bbox 151 757 1343 817; baseline 0.007 -20"><span class='ocrx_word' id='word_1_60' title='bbox 151 757 238 798; x_wconf 89' lang='lat' dir='ltr'>Pro</span> <span class='ocrx_word' id='word_1_61' title='bbox 259 757 428 807; x_wconf 80' lang='lat' dir='ltr'>Venus,</span> <span class='ocrx_word' id='word_1_62' title='bbox 451 761 494 798; x_wconf 88' lang='lat' dir='ltr'>et</span> <span class='ocrx_word' id='word_1_63' title='bbox 513 762 660 800; x_wconf 82' lang='lat' dir='ltr'>tenera</span> <span class='ocrx_word' id='word_1_64' title='bbox 677 761 856 802; x_wconf 82' lang='lat' dir='ltr'>volucer</span> <span class='ocrx_word' id='word_1_65' title='bbox 878 775 977 802; x_wconf 86' lang='lat' dir='ltr'>cum</span> <span class='ocrx_word' id='word_1_66' title='bbox 996 767 1133 812; x_wconf 83' lang='lat' dir='ltr'>matre</span> <span class='ocrx_word' id='word_1_67' title='bbox 1154 763 1343 817; x_wconf 88' lang='lat' dir='ltr'>Cupido,</span> 
     </span>
     <span class='ocr_line' id='line_1_10' title="bbox 151 823 1296 879; baseline 0.004 -14"><span class='ocrx_word' id='word_1_68' title='bbox 151 823 327 866; x_wconf 81' lang='lat' dir='ltr'>Gaudia</span> <span class='ocrx_word' id='word_1_69' title='bbox 348 828 512 876; x_wconf 82' lang='lat' dir='ltr'>quanta</span> <span class='ocrx_word' id='word_1_70' title='bbox 531 826 611 866; x_wconf 82' lang='lat' dir='ltr'>tuli</span> <span class='ocrx_word' id='word_1_71' title='bbox 629 827 637 865; x_wconf 88' lang='lat'>!</span> <span class='ocrx_word' id='word_1_72' title='bbox 670 839 802 879; x_wconf 86' lang='lat' dir='ltr'>quam</span> <span class='ocrx_word' id='word_1_73' title='bbox 821 841 891 869; x_wconf 90' lang='lat' dir='ltr'>me</span> <span class='ocrx_word' id='word_1_74' title='bbox 911 827 1142 869; x_wconf 82' lang='lat' dir='ltr'>manifesta</span> <span class='ocrx_word' id='word_1_75' title='bbox 1160 830 1296 870; x_wconf 90' lang='lat' dir='ltr'>libido</span> 
     </span>
     <span class='ocr_line' id='line_1_11' title="bbox 152 890 1177 944; baseline 0.005 -14"><span class='ocrx_word' id='word_1_76' title='bbox 152 890 370 942; x_wconf 82' lang='lat' dir='ltr'>Contigit!</span> <span class='ocrx_word' id='word_1_77' title='bbox 401 894 451 931; x_wconf 90' lang='lat' dir='ltr'>ut</span> <span class='ocrx_word' id='word_1_78' title='bbox 464 890 588 944; x_wconf 84' lang='lat' dir='ltr'>jacui</span> <span class='ocrx_word' id='word_1_79' title='bbox 609 893 714 933; x_wconf 85' lang='lat' dir='ltr'>totis</span> <span class='ocrx_word' id='word_1_80' title='bbox 730 893 926 935; x_wconf 84' lang='lat' dir='ltr'>resoluta</span> <span class='ocrx_word' id='word_1_81' title='bbox 944 895 1149 935; x_wconf 89' lang='lat' dir='ltr'>medullis</span> <span class='ocrx_word' id='word_1_82' title='bbox 1168 896 1177 936; x_wconf 94' lang='lat'>!</span> 
     </span>
    </p>

    <p class='ocr_par' dir='ltr' id='par_1_4' title="bbox 151 957 1376 1079">
     <span class='ocr_line' id='line_1_12' title="bbox 152 957 1376 1015; baseline 0.005 -19"><span class='ocrx_word' id='word_1_83' title='bbox 152 957 215 997; x_wconf 84' lang='lat' dir='ltr'>Ut</span> <span class='ocrx_word' id='word_1_84' title='bbox 233 957 481 998; x_wconf 87' lang='lat' dir='ltr'>meminisse</span> <span class='ocrx_word' id='word_1_85' title='bbox 496 957 622 1011; x_wconf 84' lang='lat' dir='ltr'>juvat</span> <span class='ocrx_word' id='word_1_86' title='bbox 639 959 647 999; x_wconf 92' lang='lat'>!</span> <span class='ocrx_word' id='word_1_87' title='bbox 679 960 881 1012; x_wconf 85' lang='lat' dir='ltr'>quamvis</span> <span class='ocrx_word' id='word_1_88' title='bbox 896 961 1042 1001; x_wconf 88' lang='lat' dir='ltr'>brevis</span> <span class='ocrx_word' id='word_1_89' title='bbox 1062 961 1139 1001; x_wconf 86' lang='lat' dir='ltr'>illa</span> <span class='ocrx_word' id='word_1_90' title='bbox 1154 962 1376 1015; x_wconf 81' lang='lat' dir='ltr'>voluptas,</span> 
     </span>
     <span class='ocr_line' id='line_1_13' title="bbox 151 1022 1301 1079; baseline 0.003 -17"><span class='ocrx_word' id='word_1_91' title='bbox 151 1022 345 1076; x_wconf 85' lang='lat' dir='ltr'>Noxque</span> <span class='ocrx_word' id='word_1_92' title='bbox 366 1022 449 1063; x_wconf 85' lang='lat' dir='ltr'>fuit</span> <span class='ocrx_word' id='word_1_93' title='bbox 467 1037 686 1078; x_wconf 87' lang='lat' dir='ltr'>praeceps,</span> <span class='ocrx_word' id='word_1_94' title='bbox 707 1031 752 1066; x_wconf 88' lang='lat' dir='ltr'>et</span> <span class='ocrx_word' id='word_1_95' title='bbox 774 1027 935 1079; x_wconf 83' lang='lat' dir='ltr'>coeptis</span> <span class='ocrx_word' id='word_1_96' title='bbox 955 1027 1107 1069; x_wconf 81' lang='lat' dir='ltr'>invida</span> <span class='ocrx_word' id='word_1_97' title='bbox 1126 1029 1301 1069; x_wconf 85' lang='lat' dir='ltr'>nostris.</span> 
     </span>
    </p>

    <p class='ocr_par' dir='ltr' id='par_1_5' title="bbox 152 1087 1052 1147">
     <span class='ocr_line' id='line_1_14' title="bbox 152 1087 1052 1147; baseline 0.006 -19"><span class='ocrx_word' id='word_1_98' title='bbox 152 1087 192 1128; x_wconf 91' lang='grc' dir='ltr'><strong>Ο</strong></span> <span class='ocrx_word' id='word_1_99' title='bbox 214 1102 308 1142; x_wconf 87' lang='lat' dir='ltr'>ego,</span> <span class='ocrx_word' id='word_1_100' title='bbox 331 1090 370 1129; x_wconf 89' lang='lat' dir='ltr'>si</span> <span class='ocrx_word' id='word_1_101' title='bbox 389 1090 520 1131; x_wconf 85' lang='lat' dir='ltr'>liceat</span> <span class='ocrx_word' id='word_1_102' title='bbox 539 1095 705 1132; x_wconf 83' lang='lat' dir='ltr'>mutato</span> <span class='ocrx_word' id='word_1_103' title='bbox 724 1093 900 1132; x_wconf 90' lang='lat' dir='ltr'>nomine</span> <span class='ocrx_word' id='word_1_104' title='bbox 914 1093 1052 1147; x_wconf 88' lang='lat' dir='ltr'>jungi,</span> 
     </span>
    </p>

    <p class='ocr_par' dir='ltr' id='par_1_6' title="bbox 152 1153 1442 1214">
     <span class='ocr_line' id='line_1_15' title="bbox 152 1153 1442 1214; baseline 0.003 -18"><span class='ocrx_word' id='word_1_105' title='bbox 152 1153 298 1205; x_wconf 84' lang='lat' dir='ltr'>Quam</span> <span class='ocrx_word' id='word_1_106' title='bbox 316 1158 441 1208; x_wconf 88' lang='lat' dir='ltr'>bene,</span> <span class='ocrx_word' id='word_1_107' title='bbox 465 1157 632 1210; x_wconf 86' lang='lat' dir='ltr'>Caune,</span> <span class='ocrx_word' id='word_1_108' title='bbox 652 1162 728 1201; x_wconf 80' lang='lat' dir='ltr'>tuo</span> <span class='ocrx_word' id='word_1_109' title='bbox 749 1165 952 1214; x_wconf 83' lang='lat' dir='ltr'>poteram</span> <span class='ocrx_word' id='word_1_110' title='bbox 972 1173 1106 1202; x_wconf 91' lang='lat' dir='ltr'>nurus</span> <span class='ocrx_word' id='word_1_111' title='bbox 1127 1173 1226 1200; x_wconf 87' lang='lat' dir='ltr'>esse</span> <span class='ocrx_word' id='word_1_112' title='bbox 1247 1160 1415 1213; x_wconf 85' lang='lat' dir='ltr'>parenti</span> <span class='ocrx_word' id='word_1_113' title='bbox 1433 1160 1442 1200; x_wconf 89' lang='lat'>!</span> 
     </span>
    </p>
   </div>
   <div class='ocr_carea' id='block_1_3' title="bbox 1511 364 1614 405">
    <p class='ocr_par' dir='ltr' id='par_1_7' title="bbox 1511 364 1614 405">
     <span class='ocr_line' id='line_1_16' title="bbox 1511 364 1614 405; baseline 0.019 -2"><span class='ocrx_word' id='word_1_114' title='bbox 1511 364 1598 405; x_wconf 80' lang='lat'>475</span> <span class='ocrx_word' id='word_1_115' title='bbox 1611 370 1614 371; x_wconf 71' lang='grc'>’</span> 
     </span>
    </p>
   </div>
   <div class='ocr_carea' id='block_1_4' title="bbox 1515 697 1601 739">
    <p class='ocr_par' dir='ltr' id='par_1_8' title="bbox 1515 697 1601 739">
     <span class='ocr_line' id='line_1_17' title="bbox 1515 697 1601 739; baseline 0.012 -1"><span class='ocrx_word' id='word_1_116' title='bbox 1515 697 1601 739; x_wconf 80' lang='lat'>480</span> 
     </span>
    </p>
   </div>
   <div class='ocr_carea' id='block_1_5' title="bbox 1518 1028 1619 1068">
    <p class='ocr_par' dir='ltr' id='par_1_9' title="bbox 1518 1028 1619 1068">
     <span class='ocr_line' id='line_1_18' title="bbox 1518 1028 1619 1068; baseline 0 0"><span class='ocrx_word' id='word_1_117' title='bbox 1518 1028 1619 1068; x_wconf 44' lang='lat'>485⁷</span> 
     </span>
    </p>
   </div>
   <div class='ocr_carea' id='block_1_6' title="bbox 152 1289 1607 1672">
    <p class='ocr_par' dir='ltr' id='par_1_10' title="bbox 152 1289 1607 1672">
     <span class='ocr_line' id='line_1_19' title="bbox 152 1289 1606 1337; baseline 0.004 -17"><span class='ocrx_word' id='word_1_118' title='bbox 152 1289 193 1320; x_wconf 78' lang='lat' dir='ltr'>sit</span> <span class='ocrx_word' id='word_1_119' title='bbox 217 1300 333 1322; x_wconf 83' lang='lat' dir='ltr'>verum.</span> <span class='ocrx_word' id='word_1_120' title='bbox 380 1293 584 1328; x_wconf 82' lang='lat' dir='ltr'>Quamobrem</span> <span class='ocrx_word' id='word_1_121' title='bbox 599 1305 654 1334; x_wconf 83' lang='lat' dir='ltr'>ego</span> <span class='ocrx_word' id='word_1_122' title='bbox 669 1295 787 1326; x_wconf 79' lang='lat' dir='ltr'>intuita</span> <span class='ocrx_word' id='word_1_123' title='bbox 810 1306 877 1328; x_wconf 81' lang='lat' dir='ltr'>sum</span> <span class='ocrx_word' id='word_1_124' title='bbox 902 1297 967 1327; x_wconf 82' lang='lat' dir='ltr'>hoec</span> <span class='ocrx_word' id='word_1_125' title='bbox 981 1295 1126 1327; x_wconf 76' lang='lat' dir='ltr'>somnia?</span> <span class='ocrx_word' id='word_1_126' title='bbox 1171 1296 1229 1326; x_wconf 88' lang='lat' dir='ltr'>Ille</span> <span class='ocrx_word' id='word_1_127' title='bbox 1251 1295 1374 1336; x_wconf 80' lang='lat' dir='ltr'>quidem</span> <span class='ocrx_word' id='word_1_128' title='bbox 1399 1295 1606 1337; x_wconf 51' lang='lat' dir='ltr'>estffluzcher,</span> 
     </span>
     <span class='ocr_line' id='line_1_20' title="bbox 153 1332 1606 1378; baseline 0.004 -16"><span class='ocrx_word' id='word_1_129' title='bbox 153 1332 247 1363; x_wconf 78' lang='lat' dir='ltr'>ctiam</span> <span class='ocrx_word' id='word_1_130' title='bbox 261 1334 357 1364; x_wconf 81' lang='lat' dir='ltr'>oculis</span> <span class='ocrx_word' id='word_1_131' title='bbox 370 1334 516 1372; x_wconf 72' lang='lat' dir='ltr'>infensis:</span> <span class='ocrx_word' id='word_1_132' title='bbox 541 1341 571 1367; x_wconf 85' lang='lat' dir='ltr'>et</span> <span class='ocrx_word' id='word_1_133' title='bbox 584 1342 698 1376; x_wconf 80' lang='lat' dir='ltr'>gratus</span> <span class='ocrx_word' id='word_1_134' title='bbox 721 1342 778 1377; x_wconf 82' lang='lat' dir='ltr'>est,</span> <span class='ocrx_word' id='word_1_135' title='bbox 806 1343 835 1369; x_wconf 83' lang='lat' dir='ltr'>et</span> <span class='ocrx_word' id='word_1_136' title='bbox 861 1339 922 1369; x_wconf 80' lang='lat' dir='ltr'>nisi</span> <span class='ocrx_word' id='word_1_137' title='bbox 945 1348 1113 1378; x_wconf 77' lang='lat' dir='ltr'>germanus</span> <span class='ocrx_word' id='word_1_138' title='bbox 1137 1338 1192 1376; x_wconf 80' lang='lat' dir='ltr'>sit,</span> <span class='ocrx_word' id='word_1_139' title='bbox 1212 1348 1336 1377; x_wconf 81' lang='lat' dir='ltr'>possum</span> <span class='ocrx_word' id='word_1_140' title='bbox 1359 1347 1482 1368; x_wconf 80' lang='lat' dir='ltr'>amare:</span> <span class='ocrx_word' id='word_1_141' title='bbox 1505 1342 1534 1368; x_wconf 88' lang='lat' dir='ltr'>et</span> <span class='ocrx_word' id='word_1_142' title='bbox 1558 1347 1606 1368; x_wconf 85' lang='lat' dir='ltr'>me</span> 
     </span>
     <span class='ocr_line' id='line_1_21' title="bbox 152 1375 1606 1418; baseline 0.004 -14"><span class='ocrx_word' id='word_1_143' title='bbox 152 1375 266 1413; x_wconf 54' lang='lat' dir='ltr'>dignus</span> <span class='ocrx_word' id='word_1_144' title='bbox 279 1379 367 1407; x_wconf 82' lang='lat' dir='ltr'>erat.-</span> <span class='ocrx_word' id='word_1_145' title='bbox 390 1380 424 1407; x_wconf 78' lang='lat' dir='ltr'>at</span> <span class='ocrx_word' id='word_1_146' title='bbox 439 1377 523 1408; x_wconf 82' lang='lat' dir='ltr'>obest</span> <span class='ocrx_word' id='word_1_147' title='bbox 538 1388 601 1409; x_wconf 77' lang='lat' dir='ltr'>esse</span> <span class='ocrx_word' id='word_1_148' title='bbox 624 1389 816 1417; x_wconf 82' lang='lat' dir='ltr'>germanam.</span> <span class='ocrx_word' id='word_1_149' title='bbox 861 1381 1034 1410; x_wconf 77' lang='lat' dir='ltr'>Dummodo</span> <span class='ocrx_word' id='word_1_150' title='bbox 1056 1381 1135 1410; x_wconf 79' lang='lat' dir='ltr'>nihil</span> <span class='ocrx_word' id='word_1_151' title='bbox 1161 1380 1308 1418; x_wconf 77' lang='lat' dir='ltr'>ejusmodi</span> <span class='ocrx_word' id='word_1_152' title='bbox 1330 1390 1419 1410; x_wconf 80' lang='lat' dir='ltr'>coner</span> <span class='ocrx_word' id='word_1_153' title='bbox 1441 1381 1606 1410; x_wconf 75' lang='lat' dir='ltr'>admittere</span> 
     </span>
     <span class='ocr_line' id='line_1_22' title="bbox 153 1419 1605 1462; baseline 0.004 -16"><span class='ocrx_word' id='word_1_154' title='bbox 153 1420 345 1457; x_wconf 78' lang='lat' dir='ltr'>experrecta,</span> <span class='ocrx_word' id='word_1_155' title='bbox 359 1419 431 1449; x_wconf 81' lang='lat' dir='ltr'>licet</span> <span class='ocrx_word' id='word_1_156' title='bbox 447 1429 568 1450; x_wconf 82' lang='lat' dir='ltr'>somnus</span> <span class='ocrx_word' id='word_1_157' title='bbox 583 1424 721 1451; x_wconf 81' lang='lat' dir='ltr'>recurrat</span> <span class='ocrx_word' id='word_1_158' title='bbox 731 1431 812 1462; x_wconf 85' lang='lat' dir='ltr'>soepe</span> <span class='ocrx_word' id='word_1_159' title='bbox 821 1421 876 1452; x_wconf 85' lang='lat' dir='ltr'>sub</span> <span class='ocrx_word' id='word_1_160' title='bbox 887 1422 1033 1460; x_wconf 80' lang='lat' dir='ltr'>ejusmodi</span> <span class='ocrx_word' id='word_1_161' title='bbox 1044 1422 1154 1462; x_wconf 74' lang='lat' dir='ltr'>specie.</span> <span class='ocrx_word' id='word_1_162' title='bbox 1203 1422 1302 1452; x_wconf 77' lang='lat' dir='ltr'>Testis</span> <span class='ocrx_word' id='word_1_163' title='bbox 1314 1422 1412 1452; x_wconf 82' lang='lat' dir='ltr'>nullus</span> <span class='ocrx_word' id='word_1_164' title='bbox 1426 1425 1471 1452; x_wconf 83' lang='lat' dir='ltr'>est</span> <span class='ocrx_word' id='word_1_165' title='bbox 1483 1422 1583 1462; x_wconf 79' lang='lat' dir='ltr'>sopori</span> <span class='ocrx_word' id='word_1_166' title='bbox 1592 1431 1605 1458; x_wconf 92' lang='lat'>,·</span> 
     </span>
     <span class='ocr_line' id='line_1_23' title="bbox 152 1461 1606 1504; baseline 0.004 -15"><span class='ocrx_word' id='word_1_167' title='bbox 152 1467 250 1498; x_wconf 74' lang='lat' dir='ltr'>neque</span> <span class='ocrx_word' id='word_1_168' title='bbox 261 1461 345 1491; x_wconf 82' lang='lat' dir='ltr'>deest</span> <span class='ocrx_word' id='word_1_169' title='bbox 357 1461 502 1492; x_wconf 78' lang='lat' dir='ltr'>simulata</span> <span class='ocrx_word' id='word_1_170' title='bbox 514 1463 663 1502; x_wconf 78' lang='lat' dir='ltr'>voluptas.</span> <span class='ocrx_word' id='word_1_171' title='bbox 707 1464 786 1503; x_wconf 81' lang='lat' dir='ltr'><strong><em>Pro,</em></strong></span> <span class='ocrx_word' id='word_1_172' title='bbox 807 1464 919 1503; x_wconf 83' lang='lat' dir='ltr'>Venus,</span> <span class='ocrx_word' id='word_1_173' title='bbox 943 1467 973 1495; x_wconf 87' lang='lat' dir='ltr'>et</span> <span class='ocrx_word' id='word_1_174' title='bbox 989 1464 1086 1494; x_wconf 89' lang='lat' dir='ltr'>Amor</span> <span class='ocrx_word' id='word_1_175' title='bbox 1100 1465 1181 1494; x_wconf 84' lang='lat' dir='ltr'>alate</span> <span class='ocrx_word' id='word_1_176' title='bbox 1196 1474 1263 1494; x_wconf 78' lang='lat' dir='ltr'>cum</span> <span class='ocrx_word' id='word_1_177' title='bbox 1279 1467 1377 1494; x_wconf 78' lang='lat' dir='ltr'>matre</span> <span class='ocrx_word' id='word_1_178' title='bbox 1392 1464 1488 1503; x_wconf 83' lang='lat' dir='ltr'>molli,</span> <span class='ocrx_word' id='word_1_179' title='bbox 1511 1474 1606 1504; x_wconf 84' lang='lat' dir='ltr'>quan-</span> 
     </span>
     <span class='ocr_line' id='line_1_24' title="bbox 154 1502 1605 1545; baseline 0.004 -15"><span class='ocrx_word' id='word_1_180' title='bbox 154 1503 221 1531; x_wconf 81' lang='lat' dir='ltr'>tam</span> <span class='ocrx_word' id='word_1_181' title='bbox 234 1502 316 1532; x_wconf 80' lang='lat' dir='ltr'>sensi</span> <span class='ocrx_word' id='word_1_182' title='bbox 330 1503 541 1543; x_wconf 81' lang='lat' dir='ltr'>voluptatem!</span> <span class='ocrx_word' id='word_1_183' title='bbox 563 1514 653 1545; x_wconf 82' lang='lat' dir='ltr'>quam</span> <span class='ocrx_word' id='word_1_184' title='bbox 665 1509 773 1545; x_wconf 79' lang='lat' dir='ltr'>aperta</span> <span class='ocrx_word' id='word_1_185' title='bbox 797 1506 889 1537; x_wconf 84' lang='lat' dir='ltr'>libido</span> <span class='ocrx_word' id='word_1_186' title='bbox 905 1517 951 1537; x_wconf 83' lang='lat' dir='ltr'>me</span> <span class='ocrx_word' id='word_1_187' title='bbox 967 1507 1100 1545; x_wconf 74' lang='lat' dir='ltr'>contigit</span> <span class='ocrx_word' id='word_1_188' title='bbox 1111 1507 1126 1538; x_wconf 93' lang='lat'><em>!</em></span> <span class='ocrx_word' id='word_1_189' title='bbox 1148 1509 1183 1536; x_wconf 79' lang='lat' dir='ltr'>ut</span> <span class='ocrx_word' id='word_1_190' title='bbox 1190 1507 1280 1544; x_wconf 79' lang='lat' dir='ltr'>jacui</span> <span class='ocrx_word' id='word_1_191' title='bbox 1301 1507 1434 1536; x_wconf 80' lang='lat' dir='ltr'>resoluta</span> <span class='ocrx_word' id='word_1_192' title='bbox 1449 1507 1524 1537; x_wconf 72' lang='lat' dir='ltr'>totis</span> <span class='ocrx_word' id='word_1_193' title='bbox 1544 1516 1605 1536; x_wconf 87' lang='lat' dir='ltr'>me-</span> 
     </span>
     <span class='ocr_line' id='line_1_25' title="bbox 154 1543 1607 1588; baseline 0.004 -15"><span class='ocrx_word' id='word_1_194' title='bbox 154 1543 272 1574; x_wconf 72' lang='lat' dir='ltr'>danis!</span> <span class='ocrx_word' id='word_1_195' title='bbox 294 1548 329 1575; x_wconf 79' lang='lat' dir='ltr'>ut</span> <span class='ocrx_word' id='word_1_196' title='bbox 347 1547 473 1585; x_wconf 81' lang='lat' dir='ltr'>prodest</span> <span class='ocrx_word' id='word_1_197' title='bbox 495 1546 676 1577; x_wconf 79' lang='lat' dir='ltr'>recordari!</span> <span class='ocrx_word' id='word_1_198' title='bbox 697 1558 868 1588; x_wconf 78' lang='lat' dir='ltr'>quanquam</span> <span class='ocrx_word' id='word_1_199' title='bbox 883 1549 937 1579; x_wconf 86' lang='lat' dir='ltr'>illa</span> <span class='ocrx_word' id='word_1_200' title='bbox 957 1549 1074 1587; x_wconf 66' lang='lat' dir='ltr'>gaudia</span> <span class='ocrx_word' id='word_1_201' title='bbox 1098 1552 1318 1586; x_wconf 77' lang='lat' dir='ltr'>momentanea,</span> <span class='ocrx_word' id='word_1_202' title='bbox 1344 1552 1435 1588; x_wconf 80' lang='lat' dir='ltr'>atque</span> <span class='ocrx_word' id='word_1_203' title='bbox 1456 1558 1519 1579; x_wconf 82' lang='lat' dir='ltr'>nox</span> <span class='ocrx_word' id='word_1_204' title='bbox 1536 1547 1607 1586; x_wconf 75' lang='lat' dir='ltr'>fuit</span> 
     </span>
     <span class='ocr_line' id='line_1_26' title="bbox 154 1585 1606 1630; baseline 0.004 -15"><span class='ocrx_word' id='word_1_205' title='bbox 154 1585 352 1625; x_wconf 77' lang='lat' dir='ltr'>velocissima,</span> <span class='ocrx_word' id='word_1_206' title='bbox 368 1591 398 1618; x_wconf 80' lang='lat' dir='ltr'>et</span> <span class='ocrx_word' id='word_1_207' title='bbox 413 1588 519 1618; x_wconf 81' lang='lat' dir='ltr'>invida</span> <span class='ocrx_word' id='word_1_208' title='bbox 534 1589 646 1618; x_wconf 79' lang='lat' dir='ltr'>nostris</span> <span class='ocrx_word' id='word_1_209' title='bbox 660 1591 778 1629; x_wconf 72' lang='lat' dir='ltr'>coeptis,</span> <span class='ocrx_word' id='word_1_210' title='bbox 825 1592 865 1626; x_wconf 94' lang='grc'>0,</span> <span class='ocrx_word' id='word_1_211' title='bbox 891 1591 982 1628; x_wconf 77' lang='lat' dir='ltr'>sifus</span> <span class='ocrx_word' id='word_1_212' title='bbox 993 1591 1037 1620; x_wconf 78' lang='lat' dir='ltr'>sit</span> <span class='ocrx_word' id='word_1_213' title='bbox 1051 1591 1211 1621; x_wconf 78' lang='lat' dir='ltr'>convenire</span> <span class='ocrx_word' id='word_1_214' title='bbox 1231 1592 1352 1621; x_wconf 80' lang='lat' dir='ltr'>nomine</span> <span class='ocrx_word' id='word_1_215' title='bbox 1366 1594 1495 1629; x_wconf 83' lang='lat' dir='ltr'>mutato,</span> <span class='ocrx_word' id='word_1_216' title='bbox 1518 1600 1606 1630; x_wconf 83' lang='lat' dir='ltr'>quam</span> 
     </span>
     <span class='ocr_line' id='line_1_27' title="bbox 155 1625 1606 1672; baseline 0.004 -14"><span class='ocrx_word' id='word_1_217' title='bbox 155 1625 230 1659; x_wconf 66' lang='lat' dir='ltr'>bene</span> <span class='ocrx_word' id='word_1_218' title='bbox 243 1637 299 1668; x_wconf 82' lang='lat' dir='ltr'>ego</span> <span class='ocrx_word' id='word_1_219' title='bbox 318 1633 459 1669; x_wconf 83' lang='lat' dir='ltr'>poteram</span> <span class='ocrx_word' id='word_1_220' title='bbox 474 1639 536 1660; x_wconf 79' lang='lat' dir='ltr'>esse</span> <span class='ocrx_word' id='word_1_221' title='bbox 551 1639 646 1660; x_wconf 78' lang='lat' dir='ltr'>nurus</span> <span class='ocrx_word' id='word_1_222' title='bbox 665 1635 717 1661; x_wconf 82' lang='lat' dir='ltr'>tuo</span> <span class='ocrx_word' id='word_1_223' title='bbox 729 1633 828 1671; x_wconf 83' lang='lat' dir='ltr'>patri,</span> <span class='ocrx_word' id='word_1_224' title='bbox 845 1633 949 1662; x_wconf 84' lang='lat' dir='ltr'>Caune</span> <span class='ocrx_word' id='word_1_225' title='bbox 961 1633 975 1663; x_wconf 78' lang='grc' dir='ltr'>,Ι</span> <span class='ocrx_word' id='word_1_226' title='bbox 1011 1633 1112 1667; x_wconf 78' lang='lat' dir='ltr'>Quam</span> <span class='ocrx_word' id='word_1_227' title='bbox 1127 1633 1199 1662; x_wconf 80' lang='lat' dir='ltr'>bene</span> <span class='ocrx_word' id='word_1_228' title='bbox 1211 1637 1334 1672; x_wconf 80' lang='lat' dir='ltr'>poteras</span> <span class='ocrx_word' id='word_1_229' title='bbox 1356 1642 1418 1664; x_wconf 87' lang='lat' dir='ltr'>esse</span> <span class='ocrx_word' id='word_1_230' title='bbox 1431 1642 1527 1671; x_wconf 80' lang='lat' dir='ltr'>gener</span> <span class='ocrx_word' id='word_1_231' title='bbox 1541 1642 1606 1664; x_wconf 80' lang='lat' dir='ltr'>meo</span> 
     </span>
    </p>
   </div>
   <div class='ocr_carea' id='block_1_7' title="bbox 765 1723 996 1734">
    <p class='ocr_par' dir='ltr' id='par_1_11' title="bbox 765 1723 996 1734">
     <span class='ocr_line' id='line_1_28' title="bbox 765 1723 996 1734; baseline 0.004 -1"><span class='ocrx_word' id='word_1_232' title='bbox 765 1723 996 1734; x_wconf 58' lang='lat' dir='ltr'>eeeeeeeeee</span> 
     </span>
    </p>
   </div>
   <div class='ocr_carea' id='block_1_8' title="bbox 156 1785 1609 2039">
    <p class='ocr_par' dir='ltr' id='par_1_12' title="bbox 156 1785 1609 2039">
     <span class='ocr_line' id='line_1_29' title="bbox 156 1785 1608 1828; baseline 0.004 -14"><span class='ocrx_word' id='word_1_233' title='bbox 156 1786 220 1815; x_wconf 87' lang='grc'>476</span> <span class='ocrx_word' id='word_1_234' title='bbox 243 1785 344 1826; x_wconf 85' lang='lat' dir='ltr'>Vulg.</span> <span class='ocrx_word' id='word_1_235' title='bbox 356 1789 387 1817; x_wconf 83' lang='lat' dir='ltr'>et</span> <span class='ocrx_word' id='word_1_236' title='bbox 399 1788 534 1827; x_wconf 77' lang='lat' dir='ltr'>possim:</span> <span class='ocrx_word' id='word_1_237' title='bbox 558 1787 678 1819; x_wconf 86' lang='lat' dir='ltr'>Heius.</span> <span class='ocrx_word' id='word_1_238' title='bbox 702 1788 759 1828; x_wconf 89' lang='lat' dir='ltr'>qui</span> <span class='ocrx_word' id='word_1_239' title='bbox 788 1798 830 1818; x_wconf 85' lang='lat' dir='ltr'>ex</span> <span class='ocrx_word' id='word_1_240' title='bbox 856 1788 940 1819; x_wconf 89' lang='lat' dir='ltr'>Mss.</span> <span class='ocrx_word' id='word_1_241' title='bbox 967 1788 1101 1828; x_wconf 88' lang='lat' dir='ltr'>recepit</span> <span class='ocrx_word' id='word_1_242' title='bbox 1125 1796 1257 1827; x_wconf 82' lang='lat' dir='ltr'>possum,</span> <span class='ocrx_word' id='word_1_243' title='bbox 1282 1785 1402 1817; x_wconf 84' lang='lat' dir='ltr'>suadet</span> <span class='ocrx_word' id='word_1_244' title='bbox 1427 1789 1462 1818; x_wconf 78' lang='lat' dir='ltr'>ut</span> <span class='ocrx_word' id='word_1_245' title='bbox 1474 1787 1608 1827; x_wconf 79' lang='lat' dir='ltr'>possim.-</span> 
     </span>
     <span class='ocr_line' id='line_1_30' title="bbox 156 1827 1609 1870; baseline 0.003 -14"><span class='ocrx_word' id='word_1_246' title='bbox 156 1827 309 1858; x_wconf 88' lang='lat' dir='ltr'>nounulli</span> <span class='ocrx_word' id='word_1_247' title='bbox 338 1829 439 1860; x_wconf 85' lang='lat' dir='ltr'>etiam</span> <span class='ocrx_word' id='word_1_248' title='bbox 467 1830 592 1860; x_wconf 77' lang='lat' dir='ltr'>liabent</span> <span class='ocrx_word' id='word_1_249' title='bbox 617 1834 850 1870; x_wconf 69' lang='lat' dir='ltr'>possem—477</span> <span class='ocrx_word' id='word_1_250' title='bbox 884 1831 951 1861; x_wconf 85' lang='lat' dir='ltr'>Pro</span> <span class='ocrx_word' id='word_1_251' title='bbox 977 1840 1109 1861; x_wconf 80' lang='lat' dir='ltr'>sororem</span> <span class='ocrx_word' id='word_1_252' title='bbox 1134 1830 1250 1860; x_wconf 86' lang='lat' dir='ltr'>Heius.</span> <span class='ocrx_word' id='word_1_253' title='bbox 1274 1829 1364 1869; x_wconf 87' lang='lat' dir='ltr'>conj.</span> <span class='ocrx_word' id='word_1_254' title='bbox 1392 1831 1609 1861; x_wconf 55' lang='grc' dir='ltr'>πνυκὶ-478</span> 
     </span>
     <span class='ocr_line' id='line_1_31' title="bbox 157 1869 1609 1912; baseline 0.003 -14"><span class='ocrx_word' id='word_1_255' title='bbox 157 1869 254 1900; x_wconf 89' lang='lat' dir='ltr'>Unus</span> <span class='ocrx_word' id='word_1_256' title='bbox 269 1870 348 1903; x_wconf 84' lang='lat' dir='ltr'>Bas.</span> <span class='ocrx_word' id='word_1_257' title='bbox 373 1873 437 1910; x_wconf 83' lang='lat' dir='ltr'>vig.</span> <span class='ocrx_word' id='word_1_258' title='bbox 453 1872 737 1904; x_wconf 63' lang='lat' dir='ltr'>nauantem—480</span> <span class='ocrx_word' id='word_1_259' title='bbox 759 1873 855 1904; x_wconf 86' lang='lat' dir='ltr'>Med.</span> <span class='ocrx_word' id='word_1_260' title='bbox 878 1877 1042 1912; x_wconf 80' lang='lat' dir='ltr'>temerata,</span> <span class='ocrx_word' id='word_1_261' title='bbox 1065 1873 1148 1903; x_wconf 87' lang='lat' dir='ltr'>alius</span> <span class='ocrx_word' id='word_1_262' title='bbox 1167 1872 1292 1912; x_wconf 78' lang='lat' dir='ltr'>privata</span> <span class='ocrx_word' id='word_1_263' title='bbox 1307 1873 1454 1912; x_wconf 79' lang='lat' dir='ltr'>voluptas.</span> <span class='ocrx_word' id='word_1_264' title='bbox 1498 1872 1609 1903; x_wconf 85' lang='lat' dir='ltr'>Pluri-</span> 
     </span>
     <span class='ocr_line' id='line_1_32' title="bbox 158 1911 1608 1954; baseline 0.002 -13"><span class='ocrx_word' id='word_1_265' title='bbox 158 1911 202 1941; x_wconf 86' lang='lat' dir='ltr'>mi</span> <span class='ocrx_word' id='word_1_266' title='bbox 216 1912 319 1943; x_wconf 87' lang='lat' dir='ltr'>etiam</span> <span class='ocrx_word' id='word_1_267' title='bbox 333 1915 587 1945; x_wconf 82' lang='lat' dir='ltr'>voluntas.—481</span> <span class='ocrx_word' id='word_1_268' title='bbox 614 1915 709 1946; x_wconf 84' lang='lat' dir='ltr'>Unus</span> <span class='ocrx_word' id='word_1_269' title='bbox 725 1916 814 1947; x_wconf 84' lang='lat' dir='ltr'>Mor.</span> <span class='ocrx_word' id='word_1_270' title='bbox 830 1919 860 1947; x_wconf 85' lang='lat' dir='ltr'>et</span> <span class='ocrx_word' id='word_1_271' title='bbox 875 1916 987 1952; x_wconf 60' lang='lat' dir='ltr'>nivem</span> <span class='ocrx_word' id='word_1_272' title='bbox 1010 1915 1100 1945; x_wconf 87' lang='lat' dir='ltr'>unde</span> <span class='ocrx_word' id='word_1_273' title='bbox 1117 1915 1236 1945; x_wconf 82' lang='lat' dir='ltr'>Heins.</span> <span class='ocrx_word' id='word_1_274' title='bbox 1263 1914 1451 1954; x_wconf 79' lang='lat' dir='ltr'>exsculpsit</span> <span class='ocrx_word' id='word_1_275' title='bbox 1477 1914 1608 1944; x_wconf 79' lang='lat' dir='ltr'>Gnidia.</span> 
     </span>
     <span class='ocr_line' id='line_1_33' title="bbox 158 1955 1609 1996; baseline 0.001 -13"><span class='ocrx_word' id='word_1_276' title='bbox 158 1956 264 1985; x_wconf 74' lang='lat'>—482</span> <span class='ocrx_word' id='word_1_277' title='bbox 288 1955 385 1988; x_wconf 84' lang='lat' dir='ltr'>Leid.</span> <span class='ocrx_word' id='word_1_278' title='bbox 398 1957 475 1987; x_wconf 79' lang='lat' dir='ltr'>mihi</span> <span class='ocrx_word' id='word_1_279' title='bbox 497 1967 588 1996; x_wconf 85' lang='lat' dir='ltr'>quam</span> <span class='ocrx_word' id='word_1_280' title='bbox 602 1958 815 1996; x_wconf 58' lang='lat' dir='ltr'>munifi—483</span> <span class='ocrx_word' id='word_1_281' title='bbox 840 1959 933 1989; x_wconf 79' lang='lat' dir='ltr'>Unus</span> <span class='ocrx_word' id='word_1_282' title='bbox 949 1957 1043 1988; x_wconf 77' lang='lat' dir='ltr'>Med.</span> <span class='ocrx_word' id='word_1_283' title='bbox 1055 1957 1119 1995; x_wconf 82' lang='lat' dir='ltr'>jac.</span> <span class='ocrx_word' id='word_1_284' title='bbox 1141 1957 1354 1987; x_wconf 78' lang='lat' dir='ltr'>tactis.—-484</span> <span class='ocrx_word' id='word_1_285' title='bbox 1376 1955 1535 1986; x_wconf 82' lang='lat' dir='ltr'>Heidelb.</span> <span class='ocrx_word' id='word_1_286' title='bbox 1564 1956 1609 1985; x_wconf 81' lang='lat' dir='ltr'>Et</span> 
     </span>
     <span class='ocr_line' id='line_1_34' title="bbox 158 1997 1609 2039; baseline 0.002 -15"><span class='ocrx_word' id='word_1_287' title='bbox 158 1997 389 2029; x_wconf 65' lang='lat' dir='ltr'>‘mmmm—485</span> <span class='ocrx_word' id='word_1_288' title='bbox 424 2000 529 2039; x_wconf 79' lang='lat' dir='ltr'>Noxq.</span> <span class='ocrx_word' id='word_1_289' title='bbox 546 1999 637 2039; x_wconf 79' lang='lat' dir='ltr'>sugit</span> <span class='ocrx_word' id='word_1_290' title='bbox 663 2001 731 2031; x_wconf 87' lang='lat' dir='ltr'>duo</span> <span class='ocrx_word' id='word_1_291' title='bbox 759 2000 956 2033; x_wconf 79' lang='lat' dir='ltr'>libri.—487</span> <span class='ocrx_word' id='word_1_292' title='bbox 980 1999 1083 2030; x_wconf 87' lang='lat' dir='ltr'>Multi</span> <span class='ocrx_word' id='word_1_293' title='bbox 1103 2009 1145 2030; x_wconf 85' lang='lat' dir='ltr'>ex</span> <span class='ocrx_word' id='word_1_294' title='bbox 1162 2003 1246 2029; x_wconf 86' lang='lat' dir='ltr'>vett.</span> <span class='ocrx_word' id='word_1_295' title='bbox 1272 1998 1333 2033; x_wconf 79' lang='lat' dir='ltr'>Qu.</span> <span class='ocrx_word' id='word_1_296' title='bbox 1358 1998 1426 2028; x_wconf 80' lang='lat' dir='ltr'>ben.</span> <span class='ocrx_word' id='word_1_297' title='bbox 1447 2000 1482 2028; x_wconf 82' lang='lat' dir='ltr'>tu</span> <span class='ocrx_word' id='word_1_298' title='bbox 1507 2000 1609 2027; x_wconf 82' lang='lat' dir='ltr'>nostro</span> 
     </span>
    </p>
   </div>
   <div class='ocr_carea' id='block_1_9' title="bbox 810 2101 954 2133">
    <p class='ocr_par' dir='ltr' id='par_1_13' title="bbox 810 2101 954 2133">
     <span class='ocr_line' id='line_1_35' title="bbox 810 2101 954 2133; baseline -0.007 0"><span class='ocrx_word' id='word_1_299' title='bbox 810 2101 954 2133; x_wconf 88' lang='lat' dir='ltr'>NOTAE</span> 
     </span>
    </p>
   </div>
   <div class='ocr_carea' id='block_1_10' title="bbox 161 2181 856 2274">
    <p class='ocr_par' dir='ltr' id='par_1_14' title="bbox 161 2181 856 2274">
     <span class='ocr_line' id='line_1_36' title="bbox 201 2181 856 2221; baseline 0.005 -9"><span class='ocrx_word' id='word_1_300' title='bbox 201 2183 265 2212; x_wconf 80' lang='lat'>4⁷9</span> <span class='ocrx_word' id='word_1_301' title='bbox 288 2181 392 2221; x_wconf 82' lang='lat' dir='ltr'>Licet]</span> <span class='ocrx_word' id='word_1_302' title='bbox 414 2181 528 2213; x_wconf 87' lang='lat' dir='ltr'>Animi</span> <span class='ocrx_word' id='word_1_303' title='bbox 544 2186 656 2214; x_wconf 85' lang='lat' dir='ltr'>tamen</span> <span class='ocrx_word' id='word_1_304' title='bbox 673 2193 693 2214; x_wconf 92' lang='lat' dir='ltr'>a</span> <span class='ocrx_word' id='word_1_305' title='bbox 706 2184 856 2215; x_wconf 87' lang='lat' dir='ltr'>Diabolo</span> 
     </span>
     <span class='ocr_line' id='line_1_37' title="bbox 161 2231 855 2274; baseline 0.003 -12"><span class='ocrx_word' id='word_1_306' title='bbox 161 2231 243 2262; x_wconf 84' lang='lat' dir='ltr'>victi</span> <span class='ocrx_word' id='word_1_307' title='bbox 259 2236 310 2262; x_wconf 80' lang='lat' dir='ltr'>est</span> <span class='ocrx_word' id='word_1_308' title='bbox 325 2232 389 2263; x_wconf 89' lang='lat' dir='ltr'>iste</span> <span class='ocrx_word' id='word_1_309' title='bbox 405 2241 578 2263; x_wconf 88' lang='lat' dir='ltr'>assensus:</span> <span class='ocrx_word' id='word_1_310' title='bbox 605 2242 703 2273; x_wconf 85' lang='lat' dir='ltr'>quem</span> <span class='ocrx_word' id='word_1_311' title='bbox 719 2233 855 2274; x_wconf 89' lang='lat' dir='ltr'>quidem</span> 
     </span>
    </p>
   </div>
   <div class='ocr_carea' id='block_1_11' title="bbox 909 2181 1610 2274">
    <p class='ocr_par' dir='ltr' id='par_1_15' title="bbox 909 2181 1610 2274">
     <span class='ocr_line' id='line_1_38' title="bbox 909 2181 1610 2225; baseline 0 -11"><span class='ocrx_word' id='word_1_312' title='bbox 909 2184 1115 2225; x_wconf 85' lang='lat' dir='ltr'>papilionum</span> <span class='ocrx_word' id='word_1_313' title='bbox 1138 2191 1242 2222; x_wconf 86' lang='lat' dir='ltr'>more,</span> <span class='ocrx_word' id='word_1_314' title='bbox 1261 2186 1367 2222; x_wconf 86' lang='lat' dir='ltr'>gratae</span> <span class='ocrx_word' id='word_1_315' title='bbox 1383 2181 1527 2214; x_wconf 86' lang='lat' dir='ltr'>flammae</span> <span class='ocrx_word' id='word_1_316' title='bbox 1550 2183 1610 2214; x_wconf 88' lang='lat' dir='ltr'>im-</span> 
     </span>
     <span class='ocr_line' id='line_1_39' title="bbox 913 2233 1416 2274; baseline 0 -9"><span class='ocrx_word' id='word_1_317' title='bbox 913 2239 1030 2274; x_wconf 88' lang='lat' dir='ltr'>petum</span> <span class='ocrx_word' id='word_1_318' title='bbox 1048 2238 1105 2264; x_wconf 86' lang='lat' dir='ltr'>tuo</span> <span class='ocrx_word' id='word_1_319' title='bbox 1120 2233 1241 2264; x_wconf 89' lang='lat' dir='ltr'>damno</span> <span class='ocrx_word' id='word_1_320' title='bbox 1258 2233 1416 2272; x_wconf 84' lang='lat' dir='ltr'>experiri.</span> 
     </span>
    </p>
   </div>
   <div class='ocr_carea' id='block_1_12' title="bbox 160 2281 860 2674">
    <p class='ocr_par' dir='ltr' id='par_1_16' title="bbox 160 2281 857 2421">
     <span class='ocr_line' id='line_1_40' title="bbox 163 2281 855 2323; baseline 0.003 -11"><span class='ocrx_word' id='word_1_321' title='bbox 163 2281 308 2312; x_wconf 80' lang='lat' dir='ltr'>animum</span> <span class='ocrx_word' id='word_1_322' title='bbox 334 2292 353 2313; x_wconf 83' lang='lat' dir='ltr'>a</span> <span class='ocrx_word' id='word_1_323' title='bbox 382 2291 478 2313; x_wconf 84' lang='lat' dir='ltr'>servo</span> <span class='ocrx_word' id='word_1_324' title='bbox 508 2291 652 2322; x_wconf 79' lang='lat' dir='ltr'>corpore</span> <span class='ocrx_word' id='word_1_325' title='bbox 685 2282 855 2323; x_wconf 81' lang='lat' dir='ltr'>proditum</span> 
     </span>
     <span class='ocr_line' id='line_1_41' title="bbox 160 2331 857 2374; baseline 0.006 -13"><span class='ocrx_word' id='word_1_326' title='bbox 160 2339 270 2372; x_wconf 86' lang='lat' dir='ltr'>neque</span> <span class='ocrx_word' id='word_1_327' title='bbox 297 2331 387 2363; x_wconf 86' lang='lat' dir='ltr'>istud</span> <span class='ocrx_word' id='word_1_328' title='bbox 415 2332 563 2372; x_wconf 81' lang='lat' dir='ltr'>curabit,</span> <span class='ocrx_word' id='word_1_329' title='bbox 593 2342 700 2374; x_wconf 88' lang='lat' dir='ltr'>neque</span> <span class='ocrx_word' id='word_1_330' title='bbox 730 2334 857 2374; x_wconf 87' lang='lat' dir='ltr'>poterit</span> 
     </span>
     <span class='ocr_line' id='line_1_42' title="bbox 161 2382 305 2421; baseline 0.014 -9"><span class='ocrx_word' id='word_1_331' title='bbox 161 2382 305 2421; x_wconf 84' lang='lat' dir='ltr'>erigere.</span> 
     </span>
    </p>

    <p class='ocr_par' dir='ltr' id='par_1_17' title="bbox 163 2433 860 2674">
     <span class='ocr_line' id='line_1_43' title="bbox 205 2433 859 2473; baseline 0.005 -11"><span class='ocrx_word' id='word_1_332' title='bbox 205 2435 266 2463; x_wconf 87' lang='grc'>481</span> <span class='ocrx_word' id='word_1_333' title='bbox 292 2433 357 2463; x_wconf 85' lang='lat' dir='ltr'>Pro</span> <span class='ocrx_word' id='word_1_334' title='bbox 378 2433 493 2473; x_wconf 81' lang='lat' dir='ltr'>Venus]</span> <span class='ocrx_word' id='word_1_335' title='bbox 514 2434 590 2465; x_wconf 90' lang='lat' dir='ltr'>Nou</span> <span class='ocrx_word' id='word_1_336' title='bbox 607 2433 705 2464; x_wconf 83' lang='lat' dir='ltr'>aliter</span> <span class='ocrx_word' id='word_1_337' title='bbox 720 2434 777 2465; x_wconf 88' lang='lat' dir='ltr'>ille</span> <span class='ocrx_word' id='word_1_338' title='bbox 793 2434 859 2465; x_wconf 82' lang='lat' dir='ltr'>uri-</span> 
     </span>
     <span class='ocr_line' id='line_1_44' title="bbox 163 2482 858 2523; baseline 0.001 -9"><span class='ocrx_word' id='word_1_339' title='bbox 163 2487 220 2514; x_wconf 87' lang='lat' dir='ltr'>tur</span> <span class='ocrx_word' id='word_1_340' title='bbox 236 2482 292 2523; x_wconf 91' lang='lat' dir='ltr'>qui</span> <span class='ocrx_word' id='word_1_341' title='bbox 315 2483 348 2513; x_wconf 87' lang='lat' dir='ltr'>iu</span> <span class='ocrx_word' id='word_1_342' title='bbox 373 2488 525 2523; x_wconf 87' lang='lat' dir='ltr'>apertum</span> <span class='ocrx_word' id='word_1_343' title='bbox 540 2488 574 2514; x_wconf 90' lang='lat' dir='ltr'>et</span> <span class='ocrx_word' id='word_1_344' title='bbox 589 2483 714 2514; x_wconf 90' lang='lat' dir='ltr'>nudum</span> <span class='ocrx_word' id='word_1_345' title='bbox 738 2488 858 2523; x_wconf 84' lang='lat' dir='ltr'>pectus</span> 
     </span>
     <span class='ocr_line' id='line_1_45' title="bbox 163 2532 859 2575; baseline 0.006 -13"><span class='ocrx_word' id='word_1_346' title='bbox 163 2541 290 2573; x_wconf 76' lang='lat' dir='ltr'>prunas</span> <span class='ocrx_word' id='word_1_347' title='bbox 308 2532 472 2573; x_wconf 87' lang='lat' dir='ltr'>immittit,</span> <span class='ocrx_word' id='word_1_348' title='bbox 485 2543 583 2574; x_wconf 88' lang='lat' dir='ltr'>quam</span> <span class='ocrx_word' id='word_1_349' title='bbox 599 2534 655 2575; x_wconf 88' lang='lat' dir='ltr'>qui</span> <span class='ocrx_word' id='word_1_350' title='bbox 679 2544 786 2566; x_wconf 91' lang='lat' dir='ltr'>vacuo</span> <span class='ocrx_word' id='word_1_351' title='bbox 809 2539 859 2566; x_wconf 89' lang='lat' dir='ltr'>at-</span> 
     </span>
     <span class='ocr_line' id='line_1_46' title="bbox 163 2582 860 2623; baseline 0.004 -10"><span class='ocrx_word' id='word_1_352' title='bbox 163 2592 228 2623; x_wconf 85' lang='lat' dir='ltr'>que</span> <span class='ocrx_word' id='word_1_353' title='bbox 244 2582 450 2613; x_wconf 86' lang='lat' dir='ltr'>incustodito</span> <span class='ocrx_word' id='word_1_354' title='bbox 472 2584 582 2615; x_wconf 88' lang='lat' dir='ltr'>animo</span> <span class='ocrx_word' id='word_1_355' title='bbox 602 2584 789 2616; x_wconf 89' lang='lat' dir='ltr'>istiusmodi</span> <span class='ocrx_word' id='word_1_356' title='bbox 804 2595 860 2616; x_wconf 89' lang='lat' dir='ltr'>ne-</span> 
     </span>
     <span class='ocr_line' id='line_1_47' title="bbox 163 2632 859 2674; baseline 0.006 -12"><span class='ocrx_word' id='word_1_357' title='bbox 163 2632 288 2673; x_wconf 86' lang='lat' dir='ltr'>quitias</span> <span class='ocrx_word' id='word_1_358' title='bbox 303 2632 397 2673; x_wconf 80' lang='lat' dir='ltr'>legit.</span> <span class='ocrx_word' id='word_1_359' title='bbox 428 2633 645 2664; x_wconf 86' lang='lat' dir='ltr'>Tutissimum</span> <span class='ocrx_word' id='word_1_360' title='bbox 659 2644 782 2674; x_wconf 84' lang='lat' dir='ltr'>prunas</span> <span class='ocrx_word' id='word_1_361' title='bbox 793 2644 859 2666; x_wconf 89' lang='lat' dir='ltr'>non</span> 
     </span>
    </p>
   </div>
   <div class='ocr_carea' id='block_1_13' title="bbox 164 2682 861 2722">
    <p class='ocr_par' dir='ltr' id='par_1_18' title="bbox 164 2682 861 2722">
     <span class='ocr_line' id='line_1_48' title="bbox 164 2682 861 2722; baseline 0.004 -9"><span class='ocrx_word' id='word_1_362' title='bbox 164 2682 352 2722; x_wconf 84' lang='lat' dir='ltr'>attingere:</span> <span class='ocrx_word' id='word_1_363' title='bbox 377 2682 580 2714; x_wconf 78' lang='lat' dir='ltr'>tutissimum</span> <span class='ocrx_word' id='word_1_364' title='bbox 603 2684 792 2716; x_wconf 77' lang='lat' dir='ltr'>istiusmodi</span> <span class='ocrx_word' id='word_1_365' title='bbox 812 2684 861 2716; x_wconf 88' lang='lat' dir='ltr'>fu-</span> 
     </span>
    </p>
   </div>
   <div class='ocr_carea' id='block_1_14' title="bbox 165 2733 860 2776">
    <p class='ocr_par' dir='ltr' id='par_1_19' title="bbox 165 2733 860 2776">
     <span class='ocr_line' id='line_1_49' title="bbox 165 2733 860 2776; baseline 0.003 -12"><span class='ocrx_word' id='word_1_366' title='bbox 165 2742 256 2773; x_wconf 73' lang='lat' dir='ltr'>gere.</span> <span class='ocrx_word' id='word_1_367' title='bbox 301 2733 423 2765; x_wconf 89' lang='lat' dir='ltr'>Animo</span> <span class='ocrx_word' id='word_1_368' title='bbox 439 2733 538 2766; x_wconf 85' lang='lat' dir='ltr'>facile</span> <span class='ocrx_word' id='word_1_369' title='bbox 561 2738 632 2774; x_wconf 88' lang='lat' dir='ltr'>est;</span> <span class='ocrx_word' id='word_1_370' title='bbox 655 2735 718 2766; x_wconf 85' lang='lat' dir='ltr'>nisi</span> <span class='ocrx_word' id='word_1_371' title='bbox 743 2735 860 2776; x_wconf 87' lang='lat' dir='ltr'>mavis,</span> 
     </span>
    </p>
   </div>
   <div class='ocr_carea' id='block_1_15' title="bbox 911 2281 1614 2776">
    <p class='ocr_par' dir='ltr' id='par_1_20' title="bbox 911 2281 1614 2776">
     <span class='ocr_line' id='line_1_50' title="bbox 953 2281 1608 2324; baseline 0 -9"><span class='ocrx_word' id='word_1_372' title='bbox 953 2286 1015 2315; x_wconf 80' lang='grc'>482</span> <span class='ocrx_word' id='word_1_373' title='bbox 1041 2283 1181 2323; x_wconf 81' lang='lat' dir='ltr'>Gaudia]</span> <span class='ocrx_word' id='word_1_374' title='bbox 1203 2281 1326 2312; x_wconf 89' lang='lat' dir='ltr'>Annon</span> <span class='ocrx_word' id='word_1_375' title='bbox 1343 2286 1376 2313; x_wconf 87' lang='lat' dir='ltr'>te</span> <span class='ocrx_word' id='word_1_376' title='bbox 1394 2282 1608 2324; x_wconf 86' lang='lat' dir='ltr'>jamdudum,</span> 
     </span>
     <span class='ocr_line' id='line_1_51' title="bbox 911 2333 1609 2372; baseline 0 -8"><span class='ocrx_word' id='word_1_377' title='bbox 911 2333 1035 2365; x_wconf 88' lang='lat' dir='ltr'>Adami</span> <span class='ocrx_word' id='word_1_378' title='bbox 1059 2343 1164 2372; x_wconf 85' lang='lat' dir='ltr'>more,</span> <span class='ocrx_word' id='word_1_379' title='bbox 1187 2333 1298 2363; x_wconf 85' lang='lat' dir='ltr'>Deum</span> <span class='ocrx_word' id='word_1_380' title='bbox 1325 2333 1436 2364; x_wconf 79' lang='lat' dir='ltr'>credis</span> <span class='ocrx_word' id='word_1_381' title='bbox 1460 2338 1609 2365; x_wconf 75' lang='lat' dir='ltr'>contem-</span> 
     </span>
     <span class='ocr_line' id='line_1_52' title="bbox 911 2382 1609 2424; baseline 0.003 -11"><span class='ocrx_word' id='word_1_382' title='bbox 911 2383 1006 2422; x_wconf 80' lang='lat' dir='ltr'>sisse,</span> <span class='ocrx_word' id='word_1_383' title='bbox 1018 2382 1167 2424; x_wconf 90' lang='lat' dir='ltr'>quisquis</span> <span class='ocrx_word' id='word_1_384' title='bbox 1183 2382 1353 2423; x_wconf 78' lang='lat' dir='ltr'>serpentis</span> <span class='ocrx_word' id='word_1_385' title='bbox 1367 2392 1410 2413; x_wconf 90' lang='lat' dir='ltr'>ex</span> <span class='ocrx_word' id='word_1_386' title='bbox 1425 2383 1609 2423; x_wconf 81' lang='lat' dir='ltr'>voluptatis</span> 
     </span>
     <span class='ocr_line' id='line_1_53' title="bbox 912 2431 1609 2465; baseline 0.003 -2"><span class='ocrx_word' id='word_1_387' title='bbox 912 2432 1034 2463; x_wconf 83' lang='lat' dir='ltr'>arbore</span> <span class='ocrx_word' id='word_1_388' title='bbox 1052 2431 1175 2463; x_wconf 83' lang='lat' dir='ltr'>blande</span> <span class='ocrx_word' id='word_1_389' title='bbox 1195 2431 1362 2462; x_wconf 86' lang='lat' dir='ltr'>sibilantis</span> <span class='ocrx_word' id='word_1_390' title='bbox 1379 2432 1453 2463; x_wconf 91' lang='lat' dir='ltr'>voci</span> <span class='ocrx_word' id='word_1_391' title='bbox 1469 2442 1535 2464; x_wconf 88' lang='lat' dir='ltr'>non</span> <span class='ocrx_word' id='word_1_392' title='bbox 1552 2443 1609 2465; x_wconf 80' lang='lat' dir='ltr'>au-</span> 
     </span>
     <span class='ocr_line' id='line_1_54' title="bbox 912 2481 1610 2524; baseline 0.001 -11"><span class='ocrx_word' id='word_1_393' title='bbox 912 2492 965 2513; x_wconf 84' lang='lat' dir='ltr'>res</span> <span class='ocrx_word' id='word_1_394' title='bbox 979 2482 1089 2521; x_wconf 91' lang='lat' dir='ltr'>modo,</span> <span class='ocrx_word' id='word_1_395' title='bbox 1104 2482 1163 2513; x_wconf 87' lang='lat' dir='ltr'>sed</span> <span class='ocrx_word' id='word_1_396' title='bbox 1180 2491 1238 2512; x_wconf 83' lang='lat' dir='ltr'>cor</span> <span class='ocrx_word' id='word_1_397' title='bbox 1258 2481 1495 2513; x_wconf 80' lang='lat' dir='ltr'>blanditiarum</span> <span class='ocrx_word' id='word_1_398' title='bbox 1512 2493 1610 2524; x_wconf 86' lang='lat' dir='ltr'>spec-</span> 
     </span>
     <span class='ocr_line' id='line_1_55' title="bbox 913 2533 1610 2573; baseline 0 -8"><span class='ocrx_word' id='word_1_399' title='bbox 913 2538 1059 2565; x_wconf 88' lang='lat' dir='ltr'>tatorem</span> <span class='ocrx_word' id='word_1_400' title='bbox 1076 2537 1256 2573; x_wconf 86' lang='lat' dir='ltr'>attentum,</span> <span class='ocrx_word' id='word_1_401' title='bbox 1272 2533 1466 2573; x_wconf 61' lang='lat' dir='ltr'>praebuisti?</span> <span class='ocrx_word' id='word_1_402' title='bbox 1498 2534 1610 2567; x_wconf 84' lang='lat' dir='ltr'>Quam</span> 
     </span>
     <span class='ocr_line' id='line_1_56' title="bbox 912 2582 1610 2624; baseline 0.001 -10"><span class='ocrx_word' id='word_1_403' title='bbox 912 2584 969 2614; x_wconf 86' lang='lat' dir='ltr'>vix</span> <span class='ocrx_word' id='word_1_404' title='bbox 999 2583 1099 2615; x_wconf 84' lang='lat' dir='ltr'>aliter</span> <span class='ocrx_word' id='word_1_405' title='bbox 1122 2592 1221 2623; x_wconf 92' lang='lat' dir='ltr'>quam</span> <span class='ocrx_word' id='word_1_406' title='bbox 1245 2582 1457 2622; x_wconf 83' lang='lat' dir='ltr'>experiundo</span> <span class='ocrx_word' id='word_1_407' title='bbox 1487 2584 1610 2624; x_wconf 82' lang='lat' dir='ltr'>gaudia</span> 
     </span>
     <span class='ocr_line' id='line_1_57' title="bbox 913 2632 1614 2674; baseline -0.001 -10"><span class='ocrx_word' id='word_1_408' title='bbox 913 2634 1182 2674; x_wconf 84' lang='lat' dir='ltr'>cognoscuntur!</span> <span class='ocrx_word' id='word_1_409' title='bbox 1208 2632 1317 2665; x_wconf 83' lang='lat' dir='ltr'>Quam</span> <span class='ocrx_word' id='word_1_410' title='bbox 1344 2642 1431 2672; x_wconf 83' lang='lat' dir='ltr'>pene</span> <span class='ocrx_word' id='word_1_411' title='bbox 1456 2643 1498 2664; x_wconf 86' lang='lat' dir='ltr'>ea</span> <span class='ocrx_word' id='word_1_412' title='bbox 1519 2644 1614 2666; x_wconf 16' lang='lat' dir='ltr'>ama-A</span> 
     </span>
     <span class='ocr_line' id='line_1_58' title="bbox 913 2681 1611 2725; baseline -0.003 -11"><span class='ocrx_word' id='word_1_413' title='bbox 913 2692 1000 2722; x_wconf 88' lang='lat' dir='ltr'>mus,</span> <span class='ocrx_word' id='word_1_414' title='bbox 1021 2683 1186 2724; x_wconf 87' lang='lat' dir='ltr'>cupimus,</span> <span class='ocrx_word' id='word_1_415' title='bbox 1211 2681 1393 2723; x_wconf 86' lang='lat' dir='ltr'>sequimur,</span> <span class='ocrx_word' id='word_1_416' title='bbox 1409 2692 1483 2724; x_wconf 87' lang='lat' dir='ltr'>quae</span> <span class='ocrx_word' id='word_1_417' title='bbox 1507 2683 1611 2725; x_wconf 84' lang='lat' dir='ltr'>phau.</span> 
     </span>
     <span class='ocr_line' id='line_1_59' title="bbox 913 2734 1375 2776; baseline -0.002 -10"><span class='ocrx_word' id='word_1_418' title='bbox 913 2735 1008 2767; x_wconf 82' lang='lat' dir='ltr'>tasiae</span> <span class='ocrx_word' id='word_1_419' title='bbox 1024 2740 1120 2776; x_wconf 85' lang='lat' dir='ltr'>grata</span> <span class='ocrx_word' id='word_1_420' title='bbox 1134 2734 1375 2767; x_wconf 63' lang='lat' dir='ltr'>obversantur!</span> 
     </span>
    </p>
   </div>
  </div>
 </body>
</html>
