1831 3023
164 205 278 248 1386
649 220 689 249 P.
721 218 879 257 ,ovmn
914 217 1125 249 NAsoms

165 310 341 352 Mortua
362 324 617 365 componar,
638 313 885 366 positaeque
903 311 976 352 det
994 313 1148 353 oscula
1166 312 1311 354 frater,

163 378 224 418 Et
241 382 388 418 tamen
409 379 632 419 arbitrium
651 379 808 431 quaerit
828 390 895 417 res
915 378 1003 435 ista
1022 379 1218 421 duorum.

163 444 299 496 Finge
317 444 490 497 placere
509 444 614 483 mihi
631 458 640 483 :
673 444 814 482 scelus
836 455 931 482 esse
951 444 1167 487 videbitur
1188 447 1262 486 illi.
1528 447 1593 487 50.

161 510 224 551 At
241 523 328 550 non
350 510 540 550 AEolidae
564 508 783 548 thalamos
806 509 981 548 timuere
999 523 1204 552 sororum.

163 576 292 617 Unde
313 576 388 615 sed
407 576 488 614 hos
508 575 646 614 novi?
679 587 756 615 cur
775 576 869 615 haec
891 578 1093 629 exempla
1112 580 1265 632 paravi
1282 580 1299 619 C?

164 642 264 692 Quo
285 641 429 681 feror?
462 641 689 682 obscoenae
710 642 862 695 procul
880 642 981 682 hinc
1003 643 1212 686 discedite
1232 647 1418 687 flammae
1438 658 1446 685 ε

163 708 275 757 Nec,
297 708 378 747 nisi
399 721 485 761 qua
505 707 574 749 fas
596 713 662 749 est
681 722 914 761 germanae,
938 709 1069 750 frater
1088 717 1266 754 ametur.

161 775 209 816 Si
229 780 373 815 tamen
392 775 488 828 ipse
509 775 596 816 mei
613 779 772 829 captus
790 776 904 829 prior
923 780 1042 816 esset
1063 789 1224 828 amore,
1526 779 1610 819 510

161 841 363 883 Forsitan
384 842 503 882 illius
521 855 697 895 possem
718 843 940 896 indulgere
962 843 1104 884 furori.

161 908 274 961 Ergo
295 922 390 961 ego,
413 922 547 963 quem
566 910 730 951 fueram
751 923 835 951 non
857 910 1078 964 rejectura
1095 914 1324 965 petentem,

160 975 270 1028 Ipsa
289 979 433 1028 petam
448 978 467 1017 'l
500 978 721 1030 poterisne
741 979 860 1032 loqui
877 979 894 1019 Τ
928 979 1145 1031 poterisne
1162 979 1316 1020 fateri?

160 1041 298 1095 Coget
318 1055 461 1095 am0r3
492 1048 646 1097 potero
663 1059 672 1086 :
704 1045 787 1095 vel,
808 1047 842 1086 si
865 1045 1011 1100 pudor
1030 1059 1105 1086 ora
1123 1046 1298 1095 tenebit,

160 1108 310 1149 Litera
330 1110 494 1151 celatos
514 1123 672 1152 arcana
690 1111 892 1152 fatebitur
911 1112 1045 1164 ignes.
1526 1111 1611 1152 515

160 1173 277 1216 Haec
298 1177 458 1229 placet,
477 1178 572 1219 haec
593 1178 772 1219 dubiam
789 1179 930 1219 vincit
950 1177 1167 1219 sententia
1185 1180 1383 1218 mentem.

160 1241 215 1282 In
233 1243 347 1283 latus
368 1244 556 1297 erigitur,
573 1246 814 1299 cubitoque
835 1246 985 1286 innixa
1002 1245 1192 1294 sinistro,

159 1306 360 1349 Viderit:
392 1309 585 1360 insanos,
606 1311 762 1364 inquit,
782 1312 998 1352 fateamur
1016 1323 1202 1352 amores·

1588 448 1612 487 u«

155 1436 246 1477 prius
269 1437 430 1476 inteream,
453 1442 482 1470 et
509 1443 629 1471 mortua
654 1440 730 1471 lecto
753 1441 878 1480 condar,
904 1443 935 1471 et
953 1439 1062 1478 frater
1087 1439 1198 1480 offerat
1213 1439 1321 1470 suavia
1334 1439 1517 1479 composiloe.
1569 1440 1609 1470 Et

157 1482 259 1510 tamen
274 1482 401 1512 resista
421 1481 541 1520 indiget
556 1483 713 1513 voluntate
734 1484 873 1513 duorum.
919 1483 1005 1514 Puta
1029 1483 1149 1522 placere
1175 1481 1251 1511 mihi
1263 1492 1276 1518 ;
1298 1481 1451 1512 videbitur
1473 1482 1520 1512 illi
1547 1492 1610 1513 esse

160 1521 256 1558 nefas.
298 1525 345 1553 At
369 1524 502 1555 AEolidae
518 1535 576 1555 non
591 1528 766 1555 metuerunt
789 1524 937 1556 connubia
961 1534 1107 1554 sororum.
1153 1523 1215 1554 Sed
1231 1525 1309 1554 unde
1323 1524 1376 1553 hos
1388 1522 1486 1554 novi?
1508 1534 1612 1564 quam-

159 1562 260 1594 obrem
274 1566 423 1596 adornavi
437 1565 500 1596 ista
515 1565 678 1606 exempla?
725 1567 792 1602 Quo
807 1566 890 1598 ruo?
937 1568 1053 1606 Turpes
1077 1575 1194 1596 amores
1220 1575 1272 1596 vos
1295 1565 1366 1596 hinc
1387 1567 1492 1606 procul
1506 1568 1610 1597 amoli-

157 1605 257 1637 mini.-
278 1616 373 1647 neque
391 1607 499 1645 frater
520 1611 655 1647 ametur,
680 1609 740 1639 nisi
763 1612 912 1648 quantum
937 1609 1009 1638 licet
1031 1608 1141 1638 sorori.
1188 1607 1225 1638 Si
1239 1611 1341 1638 tamen
1357 1608 1420 1647 ipse
1435 1612 1511 1639 esset
1525 1610 1613 1648 prior*

156 1651 316 1688 correptus
330 1650 391 1680 mei
406 1659 520 1687 amore,
539 1650 626 1687 forte
638 1660 758 1690 possem
766 1650 877 1688 favere
891 1650 977 1681 illius
992 1650 1108 1680 ardori.
1154 1650 1224 1688 Ego
1246 1650 1349 1688 igitur
1363 1651 1430 1689 ipsa
1444 1650 1609 1690 requiram.

157 1699 246 1728 quem
272 1700 333 1720 mm
361 1700 447 1722 eram
473 1693 634 1731 repulsura
663 1693 690 1723 si
716 1690 878 1732 posceret?
921 1692 1088 1722 Poterisne
1108 1690 1205 1728 fari?
1250 1691 1413 1722 Poterisne
1442 1691 1610 1733 confiteri!

157 1730 255 1762 Amor
268 1732 436 1769 vimsaciet
448 1744 461 1770 ;
480 1737 586 1773 potero
597 1746 606 1764 :
630 1735 677 1764 vel
691 1735 719 1765 sz‘
729 1736 830 1774 pudor
843 1743 875 1764 os
888 1734 1077 1773 comprimet,
1105 1733 1197 1764 litera
1207 1737 1323 1764 secreta
1338 1737 1482 1772 agnoscet
1493 1743 1612 1764 anwres

157 1773 299 1805 occultos.
344 1775 424 1805 Haec
438 1777 591 1807 sententia
604 1777 717 1807 insidet
733 1778 848 1814 animo,
863 1776 927 1806 haec
942 1779 1066 1816 superat
1080 1778 1211 1806 mentem
1226 1776 1399 1811 immam,-
1421 1777 1563 1815 exsurgit
1578 1776 1612 1806 in

156 1816 250 1856 latus,
263 1819 355 1857 atque
369 1817 543 1849 recumbens
556 1818 589 1849 in
604 1820 713 1850 loevum
725 1819 873 1858 cubitum,
892 1818 1044 1858 Quicquid
1056 1818 1109 1859 sit,
1124 1818 1237 1858 inquit,
1248 1817 1452 1859 prefiteamur
1466 1819 1613 1850 violentos

767 1906 1000 1918 eeeeeeeeeeee

157 1956 215 1987 alii
234 1957 422 1998 imm—504
445 1959 555 1991 Iidem
577 1961 732 1992 meliores
758 1962 927 1997 Attamem
950 1961 1039 1992 unde
1064 1959 1186 1991 Heius.
1231 1960 1295 1991 Sed
1316 1963 1442 1996 tumere;
1464 1970 1541 1991 nam
1563 1960 1609 1991 At

158 2001 431 2039 sequitur.—506
465 2002 532 2033 Sex
576 2004 695 2044 scripti
734 2003 862 2034 thalam.
903 2009 1025 2033 tenuere
1036 2013 1049 2039 ,·
1082 2002 1171 2033 unde
1202 2002 1325 2033 Heins-
1361 2012 1498 2034 renuere.
1540 2002 1608 2032 Sed

157 2040 276 2071 Burm.
303 2043 432 2082 manet,
459 2045 505 2075 At
527 2055 626 2076 nonne
652 2046 734 2076 AEol.
765 2046 840 2075 thal.
865 2049 989 2075 tenuere
1013 2047 1183 2076 son—509
1207 2044 1326 2074 Heius.
1353 2053 1415 2084 pro
1445 2045 1512 2075 Nec
1538 2046 1611 2075 vult

158 2082 221 2113 Ne.
254 2083 405 2115 Berolin.
440 2087 502 2116 nisi
527 2090 735 2126 quam—510
770 2087 866 2117 Idem
893 2086 975 2117 Cod.
1005 2089 1086 2126 capt.
1112 2086 1318 2125 prius.-—512
1343 2085 1425 2117 Cod.
1451 2087 1607 2117 Menard.

163 2123 249 2164 Ergo
276 2134 345 2164 ega,
375 2137 442 2166 quoe
460 2127 587 2165 sueram
616 2132 647 2159 te
673 2139 732 2159 non
754 2129 898 2159 habitura
927 2131 1123 2168 precantem3
1157 2128 1270 2167 plures
1306 2128 1363 2158 alii
1394 2128 1497 2159 etiam
1528 2139 1608 2169 quae.

160 2165 205 2196 In
231 2175 298 2197 uno
328 2168 371 2198 V.
391 2173 535 2210 utroque
569 2170 718 2209 Ciofani‚
754 2170 927 2201 Dominio.
968 2174 1004 2200 et
1041 2170 1155 2200 multis
1196 2169 1270 2200 aliis
1307 2180 1368 2201 non
1406 2171 1607 2210 neglectas-a.-

161 2208 229 2239 Ms.
246 2208 378 2240 Bersm.
401 2210 569 2249 abjectum.
614 2212 762 2242 Primam
779 2216 893 2243 autem
915 2212 1079 2251 syllabam
1096 2211 1129 2242 in
1144 2211 1272 2251 rejicere
1298 2212 1370 2242 fere
1386 2221 1519 2252 semper
1532 2222 1609 2253 pro-

161 2249 240 2281 duci
258 2252 421 2292 exemplis
438 2252 540 2284 docet
556 2254 779 2285 Burm.--5l4
807 2254 876 2284 Alii
894 2254 988 2293 Cogit
1004 2257 1173 2285 ‹vra—516
1196 2254 1298 2284 Multi
1314 2258 1398 2286 vett.
1413 2254 1497 2291 haec,·
1519 2255 1610 2295 vulg.

158 2291 223 2323 hoc.
247 2293 409 2326 Meliores
427 2295 529 2327 etiam
557 2296 673 2334 vincit,·
705 2296 812 2327 ceteri
826 2296 1021 2327 vicit.—518
1045 2296 1140 2327 Med.
1163 2300 1197 2327 et
1212 2305 1273 2327 sex
1289 2296 1345 2327 alii
1359 2296 1449 2328 Sedit
1465 2300 1496 2329 et
1507 2297 1609 2329 insen.

812 2391 958 2424 NOTAE

200 2460 264 2488 504
297 2458 341 2490 Et
367 2461 483 2501 tamen]
521 2461 625 2493 Latet
653 2471 768 2493 sensus
794 2461 855 2493 sub
909 2462 1106 2493 Macareum
1123 2462 1230 2493 solnm
1246 2471 1321 2494 cum
1337 2470 1452 2493 sorore
1466 2471 1537 2494 rem
1553 2463 1610 2494 ha-

159 2504 209 2537 his
225 2507 413 2547 particulis.
460 2511 609 2542 Perinde
633 2517 684 2543 est
710 2522 750 2544 ac
765 2512 792 2543 si
808 2511 856 2543 di·
911 2512 1022 2544 buisse
1037 2522 1079 2544 ex
1095 2522 1136 2544 eo
1152 2512 1338 2554 colligitur,
1352 2512 1442 2554 quod
1460 2514 1493 2544 in
1509 2514 1607 2555 hujus

159 2562 275 2588 ceret:
301 2557 499 2600 Quanquam
518 2571 581 2601 ego
595 2571 742 2593 amorem
756 2562 857 2593 istum
911 2563 1053 2604 epistola
1080 2563 1236 2604 vidimus,
1257 2563 1388 2595 AEolum
1412 2573 1536 2605 nempe
1560 2565 1610 2596 iu-

159 2607 284 2638 nollem
310 2608 525 2649 extinguere,
552 2621 626 2642 eam
652 2621 723 2643 rem
745 2616 857 2643 tamen
911 2613 1087 2653 dignatum
1104 2613 1180 2644 filiae
1197 2613 1346 2654 gladium
1362 2623 1429 2655 quo
1443 2613 1509 2645 sibi
1524 2624 1612 2646 mor-

159 2665 301 2697 eogerer
317 2658 473 2690 omittere
488 2670 564 2701 quae
582 2661 625 2692 ab
639 2662 704 2693 alio
719 2662 857 2703 pendet.
911 2668 980 2694 tem
1019 2663 1249 2695 conscisceret
1285 2663 1426 2695 misisse.
1483 2665 1610 2697 Verum

199 2710 264 2738 506
287 2708 437 2749 AEolidoe]
467 2709 588 2742 Plures
609 2712 764 2754 equidem
790 2721 858 2743 me·
909 2713 1039 2744 crimini
1052 2714 1290 2745 auctoritatem
1301 2715 1466 2755 quaerenti
1484 2715 1608 2756 puellae

157 2760 268 2788 morat
282 2756 371 2789 AEoli
386 2756 473 2792 filios
491 2759 683 2802 Homerus;
706 2765 858 2795 attamen
911 2772 1054 2805 pronum
1069 2764 1133 2797 fuit
1151 2774 1290 2797 numero
1306 2765 1357 2798 uti
1371 2765 1607 2798 multitudinis.
