1831 3023
153 238 266 282 1144
643 249 682 279 P.
713 248 872 279 ovmu
906 247 1124 279 NAsole

154 344 333 397 Frigora
354 345 458 385 dant
479 344 602 393 rami,
623 343 781 398 Tyrios
800 345 954 385 humus
975 343 1154 384 humida
1174 343 1320 383 flores.
1521 340 1608 382 390

153 411 417 465 Perpetuum
441 425 514 452 ver
534 416 611 452 est.
674 412 777 462 Quo
801 413 900 452 dum
923 411 1191 464 Proserpina
1209 410 1311 450 luco

154 478 302 528 Ludit,
324 484 365 519 et
384 484 457 519 aut
480 479 634 527 violam,
658 484 734 518 aut
755 479 947 519 candida
967 479 1058 518 lilia
1079 478 1220 531 carpit
1239 490 1250 528 3

153 545 360 598 Dumque
378 546 557 598 puellari
579 545 722 585 studio
745 546 1029 597 calathosque
1052 546 1281 597 sinumque

158 612 331 666 Implet,
354 617 394 652 et
415 613 609 666 aequales
629 617 768 653 certat
788 626 991 665 superare
1010 612 1212 664 legendo;

155 679 290 720 Paeue
312 680 440 719 simul
465 681 560 719 visa
580 684 662 729 est,
686 680 942 732 dilectaque,
964 685 1179 732 raptaque
1202 678 1321 719 Diti:
1523 676 1612 719 395

155 745 308 800 Usque
329 747 440 787 adeo
462 755 719 800 properatur
739 761 872 788 amor.
935 747 1032 786 Dea
1053 747 1199 786 territa
1219 749 1382 786 moesto

154 811 213 854 Et
234 818 430 862 matrem,
451 820 490 854 et
510 815 709 863 comites,
731 814 806 853 sed
828 819 1008 854 matrem
1032 815 1214 867 saepius,
1236 826 1308 854 ore

156 879 326 921 Clamat
345 895 353 921 :
385 887 440 929 et,
465 886 515 921 ut
537 895 707 922 summa
730 886 893 922 vestem
911 882 1097 922 laniarat
1115 882 1170 921 ab
1193 894 1288 930 ora,

155 946 337 988 Collecti
358 948 484 988 fiores
507 949 666 989 tunicis
688 948 885 989 cecidere
905 949 1110 989 remissis.

153 1013 385 1067 Tantaque
407 1015 668 1067 simplicitas
689 1016 932 1068 puerilibus
954 1016 1077 1056 affuit
1098 1015 1242 1064 annis,
1528 1010 1614 1052 400

154 1080 273 1121 Haec
296 1094 470 1133 quoque
493 1082 733 1133 virgineum
752 1084 888 1123 movit
903 1083 1081 1135 jactura
1102 1082 1308 1123 dolorem.

154 1146 325 1200 Raptor
347 1149 433 1199 agit
453 1153 621 1197 currus,
644 1154 689 1188 et
708 1150 882 1190 nomine
897 1163 1112 1203 quemque
1133 1153 1317 1190 vocatos

154 1213 423 1254 Exhortatur
442 1226 602 1266 equos:
635 1227 817 1267 quorum
839 1229 916 1267 per
937 1216 1053 1255 colla
1067 1216 1291 1268 jubasque

156 1281 337 1322 Excutit
358 1282 549 1321 obscura
569 1282 728 1322 tinctas
748 1281 960 1334 ferrugine
980 1281 1191 1322 habenas,

157 1348 326 1401 Perque
344 1349 471 1389 lacus
493 1349 621 1398 altos,
643 1352 683 1388 et
705 1349 869 1389 olentia
890 1348 1055 1389 sulfure
1070 1349 1203 1388 fertur
1526 1341 1614 1388 405

152 1488 228 1517 velo.
278 1486 369 1516 Rami
385 1489 489 1517 creant
497 1485 619 1525 frigus,
635 1488 720 1516 {erra
736 1486 859 1516 humida
867 1486 968 1526 flores
981 1495 1161 1525 purpureos.
1213 1484 1274 1515 Ver
1289 1487 1334 1514 est
1346 1493 1493 1524 perenne.
1541 1483 1611 1518 Qua

153 1530 241 1569 sylva
256 1530 328 1559 dum
346 1529 535 1568 Proserpina
548 1538 611 1558 sese
626 1528 769 1565 oblectat,
784 1533 814 1559 et
827 1529 903 1567 legit
917 1532 971 1559 aut
987 1528 1093 1566 riolas,
1107 1531 1161 1558 aut
1176 1527 1246 1558 alba
1261 1527 1349 1563 lilia;
1373 1530 1403 1557 et
1417 1527 1490 1557 dum
1506 1525 1612 1566 implet

154 1571 283 1611 puellari
299 1572 450 1602 desiderio
466 1576 495 1602 et
512 1571 655 1611 quasillos
668 1575 697 1602 et
712 1571 825 1610 sinum,
854 1576 882 1601 et
898 1572 1000 1601 sludst
1016 1572 1136 1601 vincere
1147 1570 1271 1601 comites
1283 1571 1445 1610 carpendo,
1456 1578 1615 1608 propemo—

153 1615 226 1644 dum
241 1615 333 1644 simul
347 1618 504 1654 conspecta
520 1617 576 1650 est,
601 1617 631 1644 et
647 1617 763 1651 amata,
790 1617 820 1644 et
835 1613 955 1644 sublata
979 1624 997 1644 a
1015 1614 1161 1651 Plutone,
1184 1622 1274 1652 usque
1297 1613 1371 1642 adeo
1389 1613 1487 1642 Amor
1503 1611 1614 1642 accele-

153 1660 255 1687 ratur.
302 1657 371 1687 Dea
388 1656 569 1694 tremefacta
586 1660 672 1686 vocat
687 1656 773 1686 tristi
797 1665 850 1687 ore
864 1660 894 1687 et
912 1660 1041 1686 matrem
1067 1660 1096 1685 el
1114 1658 1259 1695 amicales,
1274 1656 1327 1685 sed
1342 1657 1471 1684 matrem
1486 1654 1615 1694 saepius:

153 1703 182 1728 cc
199 1709 266 1729 cum
280 1700 442 1730 lacerasset
458 1699 604 1729 anziatum
619 1699 657 1729 ab
674 1702 813 1729 extrema
826 1709 891 1735 ora,
898 1699 996 1739 stores
1009 1699 1126 1728 collecti
1141 1698 1257 1738 delapsi
1269 1700 1340 1727 sunt
1355 1697 1469 1727 tunicis
1484 1696 1614 1727 laxatis.

156 1742 202 1771 Et
218 1744 305 1772 tauta
313 1741 383 1779 suit
399 1742 582 1781 simplicitas
606 1741 695 1771 annis
710 1741 913 1779 juvenilibus,
938 1741 992 1771 hoc
1007 1742 1100 1771 etiam
1117 1742 1261 1770 damnum
1281 1739 1361 1778 fecit
1384 1740 1517 1769 dolorem
1531 1739 1616 1778 puel-

153 1784 259 1814 larem.
307 1785 418 1814 Proedo
433 1784 537 1821 agitat
559 1793 677 1822 currus,
701 1787 731 1813 et
748 1783 880 1821 instigat
897 1793 986 1823 equos
1000 1783 1170 1823 appellatos
1183 1782 1321 1821 singulos
1335 1791 1387 1811 suo
1402 1781 1536 1819 nomine,
1557 1790 1616 1821 per

154 1835 283 1865 qaorum
299 1828 375 1856 colla
392 1830 422 1857 el
439 1826 533 1864 jubas
551 1829 649 1856 movet
675 1827 740 1856 lora
756 1825 872 1863 insecta
891 1826 1057 1864 ferrugine
1080 1825 1238 1864 subnigra.
1284 1825 1386 1864 Atque
1415 1824 1536 1854 vehitur
1556 1832 1615 1863 per

154 1868 327 1908 profundos
351 1869 447 1908 lacus,
475 1872 505 1900 et
530 1872 641 1908 stagna
657 1869 836 1899 Palicorum
854 1867 1003 1906 soetentz'a
1026 1867 1146 1905 sulfure
1170 1867 1355 1907 ejaculantia
1377 1870 1462 1897 terra
1485 1869 1615 1906 aperta:

772 1952 1005 1963 oeaeeeeeeaee‘e

142 2005 212 2037 'Fu
230 2007 333 2037 etiam
349 2007 535 2037 edit.-389
557 2008 643 2038 Ictus
659 2008 704 2039 N.
732 2018 799 2039 sec.
823 2008 918 2039 Med.
937 2013 972 2039 et
1000 2017 1083 2038 unus
1101 2007 1175 2037 Pal.
1193 2006 1248 2037 alii
1270 2006 1478 2044 ignea—390
1503 2005 1616 2046 Tyrice

160 2050 208 2080 Fl.
240 2050 273 2079 S.
305 2050 428 2087 Marci,
460 2050 502 2080 N.
520 2059 587 2080 sec.
604 2050 699 2080 Med.
731 2051 820 2090 vulg.
847 2051 958 2081 varios.
983 2050 1102 2081 Heius.
1131 2049 1210 2079 olim
1238 2048 1389 2078 malebat
1413 2048 1507 2078 uvida
1528 2048 1616 2089 fl.—

160 2094 222 2122 393
247 2092 345 2122 Voss.
377 2091 471 2122 Leid.
499 2097 533 2123 et
557 2092 685 2132 Sprotii
714 2093 978 2132 sinusque.--394
1006 2092 1166 2123 Heidelb.
1197 2101 1299 2130 super.
1327 2091 1456 2130 puellas,
1482 2091 1543 2121 sed
1579 2090 1615 2121 in

156 2144 261 2173 marg.
279 2135 524 2173 legenda—396
547 2135 648 2172 Vulg.
665 2136 714 2164 ad.
731 2138 775 2165 est
803 2139 1010 2174 prvperatus;
1031 2134 1089 2164 ubi
1105 2134 1201 2164 multi
1217 2133 1334 2163 delent
1352 2132 1389 2162 τὸ
1404 2136 1462 2163 est.
1499 2133 1616 2173 Prope-

154 2180 245 2206 ratur
261 2182 311 2206 est
339 2177 505 2207 extribus
524 2177 672 2216 scriptis,
697 2177 787 2217 quod
818 2177 936 2208 Heius.
963 2177 1106 2216 recepit.
1129 2177 1205 2207 Duo
1236 2175 1329 2206 Leid.
1357 2185 1420 2215 pro
1448 2185 1517 2205 var.
1533 2176 1616 2208 lect.

153 2221 407 2250 monstra—398
431 2219 470 2248 In
493 2219 623 2249 duobus
639 2219 682 2249 V.
716 2220 852 2250 Caelest.
870 2225 905 2251 et
928 2220 1000 2249 aliis
1026 2218 1173 2258 Ciofani,
1189 2228 1304 2249 summo
1320 2221 1393 2248 vest.
1414 2219 1474 2248 lan.
1488 2217 1526 2248 ab
1541 2227 1618 2256 στας

154 2261 190 2291 in
219 2261 291 2291 aliis
315 2262 474 2292 laniabat:
499 2262 530 2292 iu
548 2262 679 2292 Briant.
695 2265 729 2292 ut
743 2266 819 2293 rest.
835 2273 951 2293 summo
967 2262 1097 2292 laniavit
1113 2262 1150 2291 ab
1167 2271 1227 2292 ore.
1251 2262 1401 2301 Vulgata
1416 2265 1530 2291 autem
1546 2261 1616 2301 pla·

156 2308 214 2334 cet
241 2305 512 2342 plinrnnia399
535 2304 614 2336 Jun.
635 2304 713 2345 flor.
742 2306 863 2344 digitis.
890 2305 1020 2335 Bonon.
1047 2305 1139 2335 cecid.
1162 2304 1292 2340 solutis;
1327 2303 1424 2334 Leid.
1452 2304 1616 2334 recisis.—

154 2349 217 2378 402
241 2347 339 2385 Vulg.
354 2348 505 2378 vocando:
528 2347 625 2378 multi
642 2347 742 2377 etiam
759 2352 842 2379 vett.
857 2351 974 2385 vocato,
989 2348 1042 2378 vel
1059 2350 1186 2378 vocatos.
1214 2347 1330 2377 Heius.
1345 2346 1466 2377 suade-t
1482 2350 1616 2386 vocatos,

156 2389 244 2429 quod
263 2394 297 2419 et
313 2396 364 2420 est
383 2390 414 2419 in
433 2399 497 2420 uno
514 2390 719 2420 Voss—404
737 2391 817 2421 Mss.
834 2391 965 2420 Bersm.
984 2390 1114 2430 Excipit
1129 2391 1208 2420 obse.
1227 2389 1371 2422 Quidam
1385 2389 1486 2419 etiam
1505 2388 1614 2420 Codd.

156 2431 246 2463 tinet.
273 2432 435 2471 rubigine:
469 2442 552 2462 unus
581 2433 659 2463 Bas.
684 2433 935 2472 caligine—405
963 2433 1158 2472 Diomedes,
1183 2442 1261 2472 pag.
1279 2434 1352 2463 304.
1378 2431 1464 2472 legit
1492 2431 1614 2472 Perque

812 2529 950 2560 NOTAE

199 2602 262 2630 390
278 2600 400 2641 Tyrios]
418 2600 560 2632 Punicei
574 2602 855 2643 coloris,qualem
953 2606 1014 2634 395
1040 2602 1129 2641 Diti]
1172 2601 1323 2642 Plutoni,
1338 2601 1396 2642 qui
1417 2600 1612 2632 divitiarum

156 2650 191 2680 in
210 2650 304 2680 violis
321 2651 558 2690 conspicimus.
910 2653 1013 2683 Deus.

198 2701 260 2730 394
276 2700 385 2731 Certae
395 2701 555 2741 superare]
574 2702 629 2732 Ita
642 2712 723 2733 vero
737 2702 856 2743 puellae
952 2705 1015 2734 402
1048 2702 1196 2742 Nomine]
1242 2701 1448 2742 Orphnaeus,
1476 2699 1614 2740 AEssmn,

154 2749 265 2781 solent
289 2755 421 2781 certare
452 2752 542 2782 inter
570 2762 617 2793 se,
643 2758 719 2784 utra
742 2754 856 2794 plures
911 2754 1067 2791 Neleus,
1104 2757 1140 2783 et
1176 2751 1312 2784 Alastor
1349 2755 1567 2783 recensentur
1594 2760 1616 2782 a

154 2800 256 2833 flores
275 2801 421 2842 colligat,
438 2805 502 2833 &a
913 2802 1110 2834 Claudiano.
