1831 3023
349 214 387 244 P.
421 212 579 243 ovrnrr
613 210 826 241 NAsoms
861 203 1192 239 ΜΕῬΛΜοκΡΗ.
1226 210 1324 240 [ΑΒ.
1346 209 1412 240 vr.
1503 200 1617 242 1165

199 305 345 347 aquilam
371 313 583 342 conversum,
613 307 651 332 ut
681 300 921 341 comprimeret
952 299 1128 330 Asterien.
1173 299 1329 330 Eundem
1353 301 1386 330 in
1411 301 1552 339 olorem,
1578 308 1616 334 ut

199 358 324 389 Ledam
350 357 477 389 Thestii
506 355 608 386 filiam
635 353 886 394 comprimeret.
941 352 1094 383 Eundem
1121 353 1156 383 in
1181 352 1352 393 Satyrum,
1381 358 1419 384 ut
1446 353 1617 393 Nycteida

199 410 327 451 Nyctei
357 409 457 441 filiam
489 407 742 447 comprimeret.
803 405 957 437 Eundem
989 406 1020 435 in
1052 405 1317 446 Amphitryona,
1350 410 1387 436 ut
1418 406 1614 437 Alcmenam

198 463 414 503 Electryonis
439 460 542 492 filiam
569 459 824 500 comprimeret.
869 458 1024 490 Eundem
1045 458 1080 489 in
1104 467 1236 495 aurum,
1261 463 1299 489 ut
1323 458 1468 490 Danaen
1492 457 1618 489 Acrisii

197 515 301 547 filiam
316 515 573 556 comprimeret:
598 514 768 554 inignem,
785 518 824 544 ut
841 513 1041 554 Asopidam.
1084 513 1165 544 Duo
1180 522 1298 543 sensus
1314 512 1370 544 isti
1384 512 1418 542 in
1435 521 1502 542 uno
1520 521 1617 542 versu

200 571 429 601 continentur.
483 567 638 599 Eundem
670 567 703 598 in
731 573 916 608 pastorem,
941 572 979 599 ut
1006 568 1257 607 Mnemosynen
1282 565 1548 606 comprimeret:
1584 565 1618 595 in

198 628 406 663 serpentem,
435 627 473 653 ut
498 621 678 653 Deoidam.
736 622 782 652 Et
811 621 846 652 hi
871 621 937 652 duo
968 630 1086 652 sensus
1109 620 1142 650 in
1171 629 1272 650 uuum
1302 628 1435 650 versum
1461 617 1617 648 veniunt.

199 676 353 716 Neptuni
369 676 472 707 etiam
490 674 715 716 cupiditatem
731 674 864 714 inserit,
881 675 930 706 ita
956 679 992 705 ut
1015 673 1160 705 doceret
1183 682 1258 703 eum
1283 672 1315 702 in
1336 672 1523 712 juvencum
1541 680 1617 702 esse

196 734 379 768 mutatum,
395 733 434 760 ut
448 727 536 759 AEoli
553 726 655 759 filiam
672 732 870 768 stupraret:
899 727 932 758 in
948 736 1079 758 amnem
1098 725 1279 766 Enipeum,
1294 730 1332 756 ut
1349 725 1434 756 AEoli
1451 733 1592 756 uxorem
1608 737 1617 764 ;

197 781 231 812 in
256 781 412 820 arietem,
432 785 469 812 ut
485 780 686 812 Bisaltidam
699 781 951 821 comprimeret.
997 780 1044 811 Hi
1063 787 1130 812 tres
1145 788 1260 811 sensus
1275 779 1309 809 in
1323 779 1434 810 tribus
1450 778 1618 817 versibus,

198 834 299 865 aliter
314 835 436 866 cadere
453 844 517 865 non
537 839 688 875 possunt.
734 834 888 865 Eundem
905 834 939 865 in
961 844 1098 876 equum,
1119 838 1155 865 ut
1173 833 1358 870 Cererem;
1385 832 1417 862 in
1434 832 1620 871 volucrem,

197 891 235 918 ut
250 887 445 929 Gorgonam
465 888 657 925 Medusam,
671 897 713 918 ex
728 897 792 929 qua
809 897 914 928 equus
925 887 1079 929 Pegasus
1095 887 1252 927 proditur
1268 885 1375 916 fuisse
1391 896 1399 924 ;
1423 885 1457 916 in
1473 884 1618 925 Delphi-

197 949 290 980 num,
313 946 351 972 ut
378 941 568 972 Melantho.
613 940 659 972 Hi
678 950 793 971 sensus
809 941 1030 972 continentur
1057 940 1092 971 in
1120 940 1227 971 tribus
1245 939 1407 971 versibus.
1453 938 1619 978 Apollinis

196 998 368 1034 praeterea
382 994 416 1024 in
440 994 557 1025 eadem
573 994 794 1026 contentione
818 995 941 1025 amoris
957 993 1050 1025 furta
1065 994 1225 1034 intexuit,
1239 993 1392 1024 indicans
1414 1002 1490 1023 eum
1506 992 1539 1023 in
1564 1001 1618 1023 ac-

194 1047 366 1088 cipitrem,
381 1048 547 1078 interdum
565 1047 738 1079 inleonem
752 1046 857 1078 fuisse
874 1057 1093 1085 conversum;
1118 1047 1202 1078 alias
1217 1047 1249 1077 iu
1265 1051 1452 1087 pastorem,
1468 1050 1505 1076 ut
1522 1045 1618 1076 Issen

197 1101 350 1132 Macarei
367 1100 468 1131 filiam
481 1101 735 1141 comprimeret.
782 1101 940 1132 Liberum
958 1105 1090 1140 patrem
1104 1109 1236 1141 quoque
1254 1100 1286 1130 in
1303 1108 1401 1130 uvam
1418 1108 1563 1137 versum,
1580 1103 1617 1128 ut

198 1154 367 1194 Erigonen
380 1154 633 1194 comprimeret.
655 1154 838 1185 Saturnum
858 1159 1028 1194 praeterea
1041 1153 1072 1183 in
1087 1162 1210 1194 equum
1224 1161 1370 1189 versum,
1382 1151 1617 1191 utPhillyram

197 1207 327 1239 Oceani
342 1207 458 1247 tiliam,
469 1216 511 1238 ex
526 1217 593 1248 qua
609 1206 792 1238 Chironem
810 1207 1019 1237 Centaurum
1037 1205 1165 1236 dicitur
1181 1213 1388 1245 procreasse.

156 1299 353 1356 PRAEBU
368 1326 495 1354 ERAT
522 1314 654 1354 dictis
674 1313 875 1353 Tritonia
893 1312 1060 1352 talibus
1082 1324 1252 1361 aurem3

154 1381 450 1435 carminaque
472 1380 709 1428 Aonidum,
725 1380 976 1433 justamque
997 1379 1263 1431 probaverat
1283 1378 1408 1420 iram.

152 1448 269 1490 Tum
286 1462 452 1498 secum,
477 1447 678 1489 Laudare
698 1459 852 1500 parum
871 1452 938 1486 est
955 1459 966 1497 3
995 1446 1224 1486 laudemur
1242 1449 1284 1486 et
1303 1446 1417 1500 ipsae
1434 1460 1442 1487 :

154 1516 354 1558 Numina
373 1529 453 1557 nec
476 1515 625 1569 sperni
647 1515 738 1555 sine
760 1527 893 1568 poena
913 1518 1063 1555 nostra
1084 1514 1292 1555 sinamus.

154 1584 450 1638 Maeoniaeque
472 1584 661 1624 animum
689 1582 792 1623 fatis
812 1581 998 1623 intendit
1019 1580 1246 1623 Arachnes
1264 1596 1273 1623 :
1590 1585 1618 1624 5

155 1651 300 1703 Quam
322 1653 406 1693 sihi
427 1651 616 1693 lanificae
633 1663 717 1691 non
738 1649 891 1690 cedere
912 1649 1118 1690 laudibus
1140 1650 1245 1690 artis

158 1720 385 1761 Audierat.
448 1720 550 1760 Non
568 1719 643 1760 illa
661 1719 777 1767 loco,
800 1730 878 1758 nec
900 1718 1065 1770 origine
1087 1718 1227 1770 gentis

156 1787 302 1837 Clara,
323 1788 398 1828 sed
422 1792 525 1836 arte,
547 1786 642 1827 fuit.
703 1786 836 1826 Pater
855 1785 958 1825 huic
981 1783 1287 1838 Colophonius
1309 1784 1464 1826 Idmon

199 1913 225 1935 1.
252 1904 391 1934 Tritonia
405 1905 583 1934 admoverat
596 1912 701 1933 aurem
717 1901 866 1939 ejumnodi
879 1901 1080 1937 sermonibus,
1096 1904 1122 1931 et
1137 1901 1313 1932 laudaverat
1328 1910 1432 1932 versus
1444 1901 1619 1940 Musarum,

159 1951 187 1978 28
204 1947 324 1985 ,iustam
341 1947 431 1977 iram.
480 1946 558 1976 Tum
586 1946 668 1985 apud
691 1954 722 1975 se
749 1944 849 1982 (lixit,
873 1945 937 1974 leve
959 1948 1004 1974 est
1029 1945 1191 1981 celebrare,
1216 1943 1400 1975 celebremur
1426 1954 1479 1975 nos
1504 1945 1620 1980 etiam,-

155 1998 248 2029 neque
270 1989 430 2029 patiamur
456 1991 640 2027 potestatem
669 1990 806 2016 nostram
829 1987 982 2017 contemni
1007 1987 1075 2016 sine
1101 1986 1250 2017 vindicta.
1307 1988 1411 2026 Atque
1436 1988 1621 2018 recordatur

148 2031 293 2069 satorum
308 2031 467 2062 Arachnes
485 2030 631 2060 Mavuiae
644 2040 654 2065 ,·
678 2039 769 2069 quam
784 2029 936 2059 didicerat
953 2028 1010 2058 sibi
1028 2038 1086 2058 non
1110 2030 1215 2059 cedere
1230 2029 1371 2059 laudibus
1386 2029 1464 2060 artis
1478 2029 1622 2070 lanificae.

156 2073 217 2105 111«
233 2073 368 2112 nonfuit
384 2074 516 2104 illustris
529 2082 654 2111 genere,
679 2081 777 2112 neque
793 2071 915 2110 origine
923 2071 1071 2110 samilioe,
1094 2072 1148 2102 sed
1164 2074 1242 2102 arte.
1290 2072 1398 2102 Idmon
1417 2071 1622 2112 Colophonius

771 2161 1003 2172 eeccmoeeee·

202 2224 217 2257 ι
246 2220 365 2252 Heius.
394 2229 500 2250 aurem
530 2228 571 2249 ex
602 2227 668 2249 uno
697 2218 868 2257 Bernegg.
897 2216 1004 2248 ceteri
1033 2218 1200 2247 aures.-3
1224 2215 1303 2247 Jun.
1332 2216 1411 2246 Cum
1440 2226 1500 2246 sec.
1524 2217 1621 2247 multi

157 2267 250 2300 tunm·
272 2273 356 2295 nnus
370 2263 465 2294 Med.
487 2263 608 2293 Ut.—5
634 2261 702 2291 Alii
721 2261 955 2300 Moeonidoeque.
981 2260 1075 2290 Unus
1094 2258 1289 2295 Heius.fat.
1306 2258 1452 2290 incendit.
1476 2258 1621 2292 Quidam

158 2306 262 2338 etiam
291 2306 445 2337 scribunt
468 2306 688 2345 Anguem—8
712 2303 752 2334 In
776 2304 821 2342 τῷ
851 2303 961 2333 Idmon
988 2312 1119 2343 quoque
1145 2301 1279 2332 variant
1308 2301 1450 2341 scripti:
1486 2302 1622 2343 quidam

818 2399 961 2432 No'rAE

200 2481 218 2509 ⁵
245 2477 463 2518 Moeom‘oeque]
503 2478 610 2518 Lydia
640 2483 694 2509 est
721 2477 860 2509 minoris
915 2482 953 2508 ut
980 2482 1102 2508 norunt
1131 2486 1260 2514 omnes,
1277 2486 1341 2507 non
1370 2476 1450 2507 belli
1477 2481 1620 2514 tantum,

160 2526 250 2559 Asiae
267 2529 443 2569 provincia
471 2530 560 2560 inter
584 2529 730 2569 Mysiam
746 2533 780 2560 et
797 2529 860 2559 Ca·
916 2527 974 2559 sed
992 2528 1114 2558 artium
1133 2527 1208 2557 Dea
1224 2533 1277 2557 est
1294 2527 1368 2567 ipsa
1385 2526 1509 2557 Pallas.

161 2578 370 2620 rinm,quam
395 2589 413 2610 a
440 2580 576 2611 Maeone
601 2578 703 2610 fluvio
718 2579 860 2620 Stepha-
958 2583 976 2611 7
1009 2580 1104 2621 Loco]
1149 2580 1218 2610 Pro
1256 2580 1454 2620 parentibus
1493 2578 1619 2618 posuit.

162 2630 376 2670 nn=,nRege
393 2630 448 2661 alii
465 2630 513 2661 sic
529 2630 655 2661 dictam
673 2631 861 2662 voluerunt.
919 2632 1018 2670 Origo
1051 2635 1144 2661 retro
1174 2630 1216 2661 ad
1248 2634 1385 2670 gentem
1415 2634 1449 2659 et
1476 2627 1621 2667 majores

206 2678 343 2710 Incendit
358 2680 509 2721 animum]
534 2681 589 2712 Dc
619 2680 793 2712 Arachnes
815 2680 862 2712 fa·
917 2687 1066 2723 spectat.

163 2728 206 2760 tis
227 2728 330 2760 verbu
347 2728 463 2761 facere
479 2731 625 2771 cogitat.
961 2736 981 2762 8
1007 2731 1229 2772 Colophonius]
1253 2731 1304 2761 Ex
1328 2728 1540 2768 Colophone,
1557 2727 1622 2769 Ly-

204 2783 225 2811 6
250 2780 321 2812 Non
348 2780 469 2821 cedere]
502 2782 706 2824 Quanquam
737 2786 864 2822 tamen,
919 2781 985 2815 diae
1003 2782 1098 2823 urbe,
1114 2781 1279 2822 Apollinis
1293 2779 1432 2811 oraculo
1449 2778 1551 2811 clara.
