1831 3023
197 234 310 276 1226
693 247 735 277 P.
767 244 925 277 ovlmr
958 245 1117 277 NAsou
1130 245 1171 275 is

452 537 570 579 ΕΑΒ.
603 537 668 578 11.
729 537 873 576 AEson
893 548 951 577 ex
977 537 1091 578 Sene
1114 538 1156 579 in
1176 538 1406 580 Juvencm.

200 651 327 689 JA50N,
345 656 523 693 postquam
541 653 699 685 Medeam
718 653 899 685 abductam
917 663 936 684 a
953 655 1150 698 parentibus
1171 656 1203 688 in
1220 657 1389 689 Graeciam
1406 655 1516 694 duxit,
1531 659 1566 685 et
1583 663 1658 695 pro-

244 705 346 736 misso
361 705 426 737 sibi
442 707 598 747 conjugio
622 707 809 748 copulavit,
832 706 946 738 multis
964 706 1063 738 rebus
1089 714 1250 748 expertus
1267 710 1437 750 ingenium
1453 709 1540 749 ejus,
1557 706 1660 748 petiit

244 762 282 788 nt
309 762 485 798 parentem
514 769 608 790 suum
627 759 785 790 AEsonem
803 762 979 791 senectute
995 760 1112 791 elisum
1129 761 1162 791 in
1180 762 1448 794 adolescentiam
1465 760 1659 792 reduceret.

246 810 294 841 At
309 810 379 851 illa,
395 811 543 842 nondum
571 821 685 842 amore
716 811 886 852 deposito,
909 821 1008 853 quem
1040 823 1081 844 ex
1110 813 1182 854 ejus
1202 814 1387 854 juventute
1412 817 1563 854 ceperat,
1578 812 1661 844 nihil

244 863 445 904 denegando
470 865 512 903 ei,
537 864 656 895 a'e'num
675 865 865 906 constituit,
890 866 1140 908 herbarumque
1166 877 1304 907 genera,
1330 877 1468 909 quarum
1484 866 1661 898 scientiam

245 916 405 956 habebat,
420 917 520 948 variis
537 916 731 956 regionibus
746 918 891 958 quaesita
905 919 1102 960 incoquens,
1117 924 1297 960 postquam
1314 919 1554 950 animadvertit
1570 918 1664 958 stipi-

245 974 328 1008 tem,
345 979 410 1010 quo
429 969 584 1000 versabat
611 969 746 1010 herbas,
769 970 804 1001 in
830 971 984 1002 arborem
1008 972 1313 1009 oleam,0neratam
1339 971 1467 1010 baccis,
1496 980 1568 1001 esse
1586 979 1664 1001 con-

246 1031 392 1060 versum,
422 1031 498 1062 quae
516 1022 717 1062 despumata
745 1022 828 1054 aeno
858 1023 890 1054 in
919 1028 1046 1055 terram
1070 1024 1282 1064 deciderant,
1307 1025 1341 1055 in
1368 1023 1507 1054 herbam
1534 1022 1665 1054 laetissi-

245 1083 332 1105 mam
360 1084 434 1105 esse
461 1084 636 1112 conversa,
653 1079 861 1106 maturatum
890 1080 1023 1116 ternpus
1041 1077 1251 1116 existimans,
1272 1077 1428 1107 AEsonem
1444 1076 1664 1106 interemtum

247 1127 464 1159 madentibus
480 1128 593 1159 herbis
616 1128 820 1160 immiscuit:
846 1133 894 1168 et,
910 1134 947 1159 ut
964 1130 1167 1169 promiserat
1183 1131 1334 1171 conjugi,
1359 1139 1400 1160 ex
1427 1133 1605 1161 senectute
1631 1129 1664 1160 in

248 1180 432 1220 pristinum
452 1181 602 1221 vigorem
620 1182 756 1213 videtur
771 1181 982 1222 perduxisse.

207 1282 495 1341 HAEMONJAE
517 1306 678 1342 matres
699 1315 778 1356 pro
800 1303 915 1343 natis
936 1303 1048 1344 dona
1068 1302 1270 1356 receptis,

207 1365 536 1420 Grandaevique
559 1368 699 1409 ferunt
717 1373 862 1423 patres
880 1383 890 1421 ;
924 1375 1216 1424 congestaque
1237 1370 1412 1410 flamma
1583 1367 1667 1408 160

206 1432 357 1474 Thura
375 1434 617 1486 liquefiunt,
644 1436 908 1490 inductaque
930 1439 1129 1478 cornibus
1150 1450 1300 1477 aurum

207 1499 404 1541 Victima
426 1504 533 1541 vota
552 1502 684 1543 cadit.
746 1504 834 1544 Sed
855 1505 980 1545 abest
999 1505 1272 1557 gratantibus
1292 1503 1445 1552 AEson,

207 1567 237 1608 J
243 1580 313 1607 am
334 1568 512 1621 propior
532 1569 639 1618 leto,
662 1570 892 1623 fessusque
914 1572 1124 1611 senilibus
1145 1571 1285 1611 anniS.

209 1633 320 1674 Cum
341 1634 406 1676 sic
431 1635 668 1676 [Esonides
688 1650 697 1677 ε
731 1636 769 1675 O
793 1638 865 1676 cui
887 1637 1041 1677 debere
1064 1638 1245 1678 salutem

210 1699 442 1752 Confiteor,
465 1703 646 1755 conjux,
669 1716 917 1756 quanquam
938 1705 1041 1745 mihi
1064 1708 1222 1744 cuncta
1243 1703 1418 1751 dedisti,
1587 1703 1672 1743 165

210 1768 502 1820 Excessitque
523 1768 656 1808 fidem
677 1771 927 1810 meritorum
949 1783 1117 1811 summa
1138 1773 1338 1820 tuorum3

211 1833 261 1874 Si
282 1837 427 1873 tamen
448 1834 530 1874 hoc
553 1840 739 1887 possunt
757 1850 765 1876 :
798 1836 904 1889 quid
928 1837 1043 1877 enim
1066 1850 1151 1876 non
1173 1837 1367 1877 carmina
1387 1835 1593 1889 possint?

212 1900 352 1942 Deme
372 1901 483 1942 meis
507 1902 648 1952 annis,
669 1906 713 1944 et
733 1903 903 1945 demtos
926 1904 1037 1944 adde
1058 1904 1236 1957 parenti.

257 2041 297 2063 11.
324 2033 447 2064 Matres
466 2035 641 2065 Haemonia>
657 2038 687 2065 et
702 2044 787 2065 senes
799 2040 906 2075 putres
918 2038 1046 2076 portant
1075 2044 1199 2065 munera
1214 2043 1268 2073 pro
1283 2032 1367 2073 filiis
1381 2032 1523 2071 receptis,
1539 2034 1568 2062 et
1583 2031 1675 2063 thura

215 2076 371 2105 cunmlata
388 2077 559 2115 liquescunt
573 2078 605 2106 in
622 2077 705 2116 igne,
723 2081 753 2107 et
769 2079 896 2108 victima
908 2078 1059 2117 promissa
1075 2077 1186 2106 habeus
1197 2085 1308 2105 cornua
1323 2074 1404 2104 illita
1419 2083 1493 2104 auro
1510 2077 1674 2105 mactatur.

217 2116 280 2147 Sed
296 2118 395 2148 AEson
415 2119 484 2156 jam
513 2119 646 2149 vicinior
672 2120 777 2158 morti,
804 2124 833 2149 et
859 2119 1014 2157 confectus
1040 2119 1123 2149 sem'o
1148 2119 1232 2148 deest
1255 2116 1499 2155 gratulantibus.
1535 2117 1612 2147 Cum
1627 2117 1675 2147 ita

213 2159 394 2190 AEsom'des:
411 2162 438 2189 0
458 2170 552 2197 uxor,
567 2163 615 2190 cui
631 2171 761 2199 agnosco
777 2172 824 2192 me
839 2162 946 2192 debere
957 2163 1100 2198 salutem,
1115 2160 1238 2191 tametsi
1254 2159 1329 2189 mihi
1344 2159 1445 2189 omnia
1459 2159 1628 2197 indulsisti,
1643 2162 1674 2189 et

216 2210 359 2231 numerus
377 2206 498 2232 tuorum
525 2202 738 2243 beneficiorum
765 2208 888 2243 superat
904 2205 1015 2245 fidem,
1040 2204 1067 2233 si
1092 2206 1193 2233 tamen
1209 2202 1348 2232 carmina
1362 2201 1417 2231 hoc
1430 2204 1579 2240 possunt;
1602 2201 1677 2241 quid

214 2243 296 2274 enim
311 2245 449 2275 carmina
465 2255 524 2275 non
538 2245 659 2285 possint
675 2243 689 2276 ?
708 2246 779 2276 tolle
795 2248 832 2277 (le
848 2246 924 2277 meis
940 2247 1029 2277 annis
1045 2249 1073 2276 et
1090 2245 1187 2283 adjice
1202 2244 1334 2275 sublatos
1348 2253 1413 2274 meo
1425 2243 1523 2283 patri.
1568 2244 1676 2284 Neque

830 2335 1067 2349 eeeeeeeeeeee

217 2412 340 2444 Heius.
365 2412 472 2443 Victor
488 2414 528 2443 ad
543 2413 724 2444 Haemonios
740 2415 955 2446 intrat.—160
979 2415 1046 2445 Alii
1073 2419 1207 2454 congest.
1232 2415 1487 2455 flammae.—-161
1512 2413 1677 2444 Nonnulli

219 2460 304 2487 vett.
322 2455 420 2486 Thur.
449 2455 661 2494 liquefaciunt.
687 2457 806 2489 Heius.
833 2467 875 2488 ex
902 2458 1094 2488 melioribus
1109 2458 1203 2488 dedit
1218 2459 1373 2497 induc-tuq.
1389 2457 1480 2496 vulg.
1495 2456 1677 2496 intimacy.—

221 2500 282 2528 162
310 2499 406 2528 Cadit
421 2498 551 2528 Bersm.
571 2499 656 2529 Cod.
671 2504 706 2529 et
733 2510 784 2539 pr.
813 2500 919 2531 Gron.
937 2501 989 2530 alii
1011 2500 1106 2538 facit.
1130 2501 1226 2531 Unus
1244 2500 1364 2530 Heius.
1386 2498 1566 2538 gratatibus
1579 2508 1676 2529 aem-—

221 2542 283 2570 164
306 2541 408 2580 Vuig.
434 2541 510 2570 Tum
535 2541 695 2572 sia—167
720 2541 801 2572 Lov.
826 2548 860 2573 et
887 2543 953 2573 duo
981 2543 1035 2573 alii
1061 2544 1116 2573 hoc
1141 2544 1253 2581 possis.-
1283 2542 1379 2572 multi
1402 2545 1486 2572 vett.
1510 2542 1628 2581 possint
1644 2540 1677 2571 in

222 2586 367 2623 utroque
388 2583 580 2614 loca—168
604 2583 750 2616 Quidam
778 2595 857 2615 meos
879 2595 993 2616 annos.-
1026 2585 1116 2615 unde
1144 2586 1263 2616 Heius.
1285 2585 1360 2616 meis
1380 2593 1492 2619 amzos;
1528 2587 1564 2614 et
1587 2582 1677 2613 idem

878 2681 908 2711 N
916 2680 1016 2711 OTAE

267 2753 330 2782 159
363 2750 472 2791 Dona]
506 2750 671 2794 Adeoque
696 2753 774 2785 Diis
798 2755 924 2796 gratias
1024 2757 1084 2785 161
1110 2754 1257 2794 Inducta]
1280 2754 1332 2786 De
1346 2763 1440 2786 more
1452 2753 1486 2785 in
1499 2751 1678 2794 majoribus

224 2805 339 2842 agunt.
979 2804 1109 2836 hostiis.
