1831 3023
165 197 279 239 1304
653 209 694 239 P.
727 207 885 238 ovmn
919 206 1132 237 NAsouis

165 303 222 344 Et
240 301 373 344 velox
394 300 526 353 Idas3
558 305 602 343 et
616 302 711 356 jam
729 315 815 342 non
833 301 1014 342 foemina
1032 300 1237 350 Caeneus,
1531 301 1616 341 5305

163 368 511 422 Leucippusque
530 370 666 420 ferox,
691 370 929 424 jaculoque
948 369 1130 421 insignis
1153 366 1359 417 Acastus,

166 436 552 491 Hippothoosque,
577 438 822 490 Dryasque,
845 440 887 476 et
907 441 1050 476 cretus
1072 435 1310 490 Amyntore
1330 434 1540 484 Phoenix,

163 503 473 557 Actoridaeque
492 517 635 557 pares,
654 506 696 543 et
715 503 874 543 missus
894 504 950 543 ab
969 503 1095 544 Elide
1118 503 1324 557 Phyleus.

164 571 266 613 Nec
288 572 502 611 Telamon
524 571 692 618 aberat,
713 570 913 622 magnive
935 574 1098 611 creator
1119 570 1306 611 Achillis
1324 584 1333 611 t

164 638 365 691 Cumque
388 636 651 678 Pheretiade
669 642 714 676 et
735 636 944 690 Hyanteo
968 638 1093 679 Iolao

165 706 358 758 Impiger
380 704 603 757 Eurytion,
624 708 668 744 et
689 716 819 744 cursu
840 704 1028 745 invictus
1050 704 1235 753 Echion,

1532 634 1579 675 531
1590 634 1617 673 0

154 863 245 905 filius
261 863 409 904 Apharei,
424 866 453 893 et
469 863 548 892 citus
564 861 650 899 Idas,
666 865 694 890 et
721 861 846 891 Coeneus
872 871 952 892 nune
976 871 1035 891 non
1050 861 1194 900 foemina,
1217 864 1247 892 et
1271 870 1370 891 scetus
1388 859 1571 899 Leucippus,
1587 862 1617 888 et

161 906 296 937 Acastus
310 909 464 945 spectatus
469 905 587 943 jaculo,
602 908 632 934 et
650 904 856 944 Hippothous,
870 907 900 934 et
926 904 1044 943 Dryas,
1059 906 1088 933 et
1114 903 1249 933 Phoenix
1254 903 1346 944 filius
1369 902 1563 942 Amyntoris,
1587 903 1617 931 et

160 949 322 979 Actoriaae
349 957 449 987 pares,
477 950 506 977 et
537 947 673 987 Phyleus
704 947 814 976 missus
841 947 878 976 ab
903 946 1005 977 Elide.
1050 946 1156 985 Neque
1186 945 1328 975 Telamon
1352 946 1470 984 aberat,
1484 948 1514 974 et
1528 946 1619 984 puter

161 991 268 1030 magni
294 990 439 1029 Achillis,
467 993 497 1020 et
522 999 591 1020 acer·
617 988 773 1030 Eurytion
800 999 866 1020 cum
894 988 1082 1020 Pheretiade
1102 991 1133 1019 et
1153 988 1237 1019 Iolao
1264 987 1424 1028 HyanteO,
1450 990 1479 1018 et
1498 985 1617 1017 Echion

777 1086 1005 1098 eeeeeeeeee

160 1159 225 1181 ma>
243 1150 329 1181 Edd.
345 1151 516 1191 Ephyreia,
539 1150 591 1181 vel
611 1150 871 1191 Ephyrea.-—305
898 1147 993 1178 Leid.
1004 1147 1092 1186 soem.
1113 1146 1336 1177 Caenis—306
1358 1144 1442 1176 Cod.
1458 1143 1619 1176 Menard.

162 1198 198 1223 et
214 1193 311 1224 multi
334 1194 389 1223 alii
406 1194 650 1233 Plexippusqne.
694 1193 733 1223 In
763 1191 902 1231 antiquo
931 1190 1015 1220 Cod.
1041 1199 1140 1229 quem
1168 1189 1347 1219 Constant.
1372 1189 1515 1218 Fanens.
1533 1186 1621 1218 citat

159 1235 216 1266 liic
232 1245 279 1266 vs.
298 1240 376 1266 ante
393 1239 466 1266 304.
483 1237 729 1277 legitima—307
753 1234 820 1265 Alii
841 1233 1212 1273 Hippothousque.—308
1234 1231 1334 1271 Vulg.
1347 1230 1486 1262 Ασίαν-ἑά.
1500 1238 1621 1269 parens.

159 1277 203 1308 In
218 1278 418 1318 quibusdam
436 1289 569 1320 quoque
599 1279 688 1308 Pelas
712 1287 773 1318 pro
799 1276 933 1316 Phyleus
960 1275 1208 1315 mgnum—309
1245 1274 1338 1304 Unus
1364 1272 1458 1304 Med.
1485 1272 1550 1302 Tel.
1564 1273 1619 1302 de-

161 1323 241 1351 erut.
287 1321 437 1360 Mag-:nive
462 1326 514 1352 est
542 1331 561 1352 e
589 1321 676 1361 conj.
720 1319 841 1351 Heius.
880 1318 966 1357 vulg.
996 1317 1277 1357 magnique—310
1310 1315 1379 1346 Alii
1410 1315 1621 1353 Pheretiadoe,

160 1363 216 1393 vel
243 1363 559 1395 Maenades—311
586 1364 630 1394 Et
656 1373 736 1394 curs.
768 1362 887 1393 Heius.
921 1360 1017 1391 dedit
1058 1369 1101 1390 ex
1130 1359 1343 1397 melioribus3
1382 1358 1438 1388 alii
1464 1367 1620 1398 cursuque.

822 1477 961 1510 NOTAE

161 1558 333 1595 terraeque
363 1554 525 1587 barathra
555 1556 626 1587 visu
666 1559 862 1596 penetrasse
916 1551 1060 1583 fratrum
1089 1550 1185 1590 dicit,
1209 1551 1374 1590 Eurytum
1397 1553 1432 1581 et
1448 1549 1621 1586 Cteatum,

162 1603 298 1636 dicitur.
321 1604 523 1645 Argonauta
539 1607 643 1637 etiam
658 1605 735 1636 fuit.
918 1602 959 1633 ab
978 1602 1129 1632 Hercule
1146 1605 1268 1642 postea
1283 1600 1423 1631 occisos.

203 1657 265 1686 305
292 1655 380 1695 Idas]
404 1657 532 1696 Lyncei
549 1656 613 1687 fuit
627 1656 744 1686 frater.
961 1652 1113 1692 Phyleus]
1146 1651 1277 1692 Augeae
1304 1650 1371 1682 fuit
1395 1650 1495 1689 filius,
1519 1659 1619 1691 quenl

207 1706 350 1746 Caeneus]
373 1706 451 1736 Fuit
475 1706 588 1737 Caenis
617 1705 708 1736 Elati
732 1703 814 1741 filia,
829 1703 862 1733 in

160 1763 287 1785 marem
314 1764 333 1784 a
357 1755 532 1794 Neptuno,
547 1765 607 1795 pro
624 1754 778 1794 dereptae
798 1753 862 1782 vir-

161 1803 314 1843 ginitatis
341 1805 467 1844 pretio,
490 1809 645 1843 mutata3
668 1804 764 1844 cujus
792 1801 864 1832 fuse

158 1854 334 1886 historiam
361 1855 502 1887 Metam.
527 1863 593 1886 ΧΠ.
620 1864 639 1884 a
656 1856 729 1885 179.
753 1861 865 1891 versu,

159 1904 268 1937 refert
286 1905 406 1936 Poe'ta.

204 1959 269 1987 306
303 1955 491 1997 Leucippus]
531 1954 683 1995 Apharei
705 1953 772 1984 fuit
797 1951 862 1983 fra-

160 2010 226 2045 ter,
237 2006 389 2037 Perierei
404 2016 463 2037 seu
480 2005 630 2036 Pei-ieris
645 2004 748 2043 filius,
766 2007 865 2044 pater

161 2056 310 2086 Phoebes
340 2060 376 2086 et
402 2056 537 2095 Elairae,
566 2065 647 2096 quas
680 2054 802 2085 Castor
829 2057 864 2084 et

162 2106 289 2138 Pollux
307 2115 426 2144 rapere
444 2105 556 2136 conati
572 2110 663 2136 sunt.

205 2154 355 2194 Acastus]
377 2155 484 2185 Peliae
510 2155 748 2185 Thessalorum
771 2153 862 2192 regis

165 2204 232 2236 fuit
245 2204 346 2236 filius.

206 2258 268 2287 307
293 2253 503 2295 Hippothoos]
528 2253 652 2293 Hujus,
671 2256 708 2283 ut
721 2257 756 2283 et
773 2252 861 2292 Dry-

164 2305 264 2343 antis,
280 2307 354 2336 173.
381 2304 494 2344 capite
513 2302 667 2334 meminit
695 2302 861 2342 Hyginus.

163 2355 265 2386 Illum
292 2359 405 2386 autern
429 2353 598 2394 Geryonis
628 2352 711 2384 facit
735 2352 863 2391 filium,

164 2414 241 2435 cum
269 2405 447 2446 C'ercyoniS‚
477 2414 519 2435 ex
542 2404 721 2443 Pausania,
750 2404 862 2444 legen-

165 2455 245 2486 dum
261 2455 315 2486 sit.

208 2504 359 2545 Phoem'x]
410 2504 489 2541 Hic,
532 2508 707 2545 postquam
748 2502 864 2534 matris

166 2565 265 2588 suasu
286 2565 361 2586 cuni
390 2555 460 2595 ejus
489 2555 611 2596 pellice
638 2563 708 2584 rem
730 2553 863 2583 habuis-

166 2611 232 2646 set,
249 2607 355 2646 patris
375 2606 458 2636 iram
474 2604 635 2644 effugiens
657 2605 697 2635 ad
721 2604 863 2634 Peleum

165 2656 336 2697 pervenit,
352 2666 371 2686 a
387 2666 453 2697 quo
470 2655 675 2695 perbenigne
700 2658 863 2694 acceptus

167 2705 309 2737 Achillis
325 2706 531 2736 institutioni
547 2704 730 2746 praefectus
746 2703 822 2735 fuit.

209 2758 272 2787 308
295 2756 468 2796 Actoridoe]
493 2755 627 2789 Actoris
643 2755 788 2787 Eliensis
803 2764 864 2796 par

918 1701 1097 1741 Hercules,
1114 1706 1211 1741 patre
1235 1700 1364 1739 occiso,
1380 1699 1467 1740 quod
1485 1700 1621 1739 purgati

920 1752 1046 1782 stabuli
1076 1751 1270 1782 mercedem
1312 1751 1512 1790 denegaret,
1549 1749 1623 1790 ejus

917 1804 993 1834 loco
1010 1803 1278 1843 regnarejussit.

960 1856 1023 1885 309
1049 1852 1207 1892 Telamon]
1237 1853 1313 1883 Rex
1336 1851 1402 1884 fuit
1430 1851 1625 1893 Salaminis,

916 1904 1012 1936 AEaci
1027 1903 1126 1944 filius,
1141 1903 1257 1945 Ajacis
1273 1908 1384 1944 pater.

964 1955 1111 1995 Creator]
1141 1955 1285 1987 Peleum
1314 1954 1408 1994 dicit,
1427 1953 1622 1985 Telamonis

919 2005 1074 2037 fratrem.

962 2059 1025 2086 310
1057 2055 1259 2095 Pheretiade]
1308 2054 1493 2086 Admetum
1522 2054 1622 2086 intel-

917 2106 999 2144 lige,
1025 2105 1183 2136 Pheretis
1208 2104 1327 2143 filium,
1350 2104 1497 2135 Alcestis
1521 2105 1621 2136 mari—

919 2159 1002 2193 tum,
1029 2154 1126 2194 cnjus
1151 2154 1324 2185 historiam
1346 2159 1461 2185 nostra
1487 2163 1620 2196 quoque

918 2205 1053 2236 theatra
1070 2205 1342 2236 celebraverunt.

960 2254 1063 2294 Iolao]
1086 2255 1188 2286 Hunc
1211 2255 1334 2295 Iphicli
1359 2254 1466 2285 filium
1489 2255 1622 2286 Hercu-

917 2305 966 2336 les
983 2305 1015 2335 in
1032 2304 1269 2336 interficienda
1285 2305 1393 2346 hydra
1418 2305 1546 2336 socium
1561 2305 1620 2336 ha-

917 2355 1000 2386 buit.
1047 2355 1226 2395 Hyanteus
1242 2355 1377 2395 dicitur,
1394 2357 1471 2397 quia
1494 2356 1620 2387 Boeoti-

917 2416 995 2438 cus:
1020 2406 1176 2446 Hyantes
1193 2407 1281 2437 enim
1297 2407 1440 2438 Boeotiae
1461 2406 1587 2447 populi.

960 2459 1020 2487 311
1041 2456 1213 2496 Eurytion]
1230 2456 1442 2497 Argonauta,
1459 2457 1507 2487 Iri
1519 2455 1619 2496 filius,

918 2505 973 2546 qui
991 2504 1057 2536 fuit
1072 2504 1222 2546 Actoris,
1239 2511 1275 2537 ut
1292 2516 1333 2538 ex
1352 2506 1532 2547 Apollonio
1551 2506 1620 2537 col-

917 2555 1044 2596 ligitur.

964 2606 1097 2646 Echion]
1113 2606 1224 2648 Hujus
1241 2606 1343 2638 etiam
1359 2605 1513 2638 meminit
1528 2605 1620 2638 idem

918 2655 1131 2697 Apollonius,
1157 2657 1216 2698 qui
1242 2667 1319 2688 eum
1344 2657 1511 2689 Mercurii.
1534 2655 1622 2688 facit

918 2706 1036 2738 tilium.
