1831 3023
200 225 314 268 1538
688 237 726 266 P.
760 234 919 265 ovmu
953 235 1164 265 NAsours

201 329 306 381 Qua
323 330 441 372 naris
461 330 592 371 fronti
612 330 908 378 committitur,
930 329 1111 383 accipis,
1139 331 1252 371 imae.
1563 330 1648 372 315

196 396 252 437 In
275 400 391 438 tanto
410 397 599 445 fremitu,
619 397 760 437 ductis
781 396 874 435 sine
895 395 977 434 fine
991 396 1170 447 jacebat

197 463 379 516 Sopitus
397 464 524 512 vinis,
546 469 589 502 et
608 463 937 513 inexperrectus
958 460 1187 514 Aphidas:

197 529 523 581 Languentique
544 540 677 567 manu
698 526 925 567 carchesia
945 528 1081 568 mixta
1102 529 1292 578 tenebat,

197 596 344 636 Fusus
366 596 407 634 iu
429 594 603 634 Ossaeae
626 593 793 634 villosis
814 594 1005 647 pellibus
1027 608 1153 636 ursae.

197 662 339 712 Quem
362 662 511 712 procul
531 666 580 702 ut
599 660 709 701 vidit
728 661 890 702 frustra
910 662 1030 702 nulla
1048 674 1167 703 arma
1187 665 1450 712 moventem,
1561 662 1649 705 320

196 728 356 768 Inserit
378 732 550 768 amento
571 727 748 780 digitos,
772 729 1106 783 Miscendaque,
1129 730 1254 779 dixit,

196 793 305 834 Cum
329 793 464 847 Styge
489 795 592 834 vina
612 795 750 843 bibes,
774 795 989 836 Phorbas.
1051 795 1149 836 Nec
1170 797 1296 848 plura
1315 798 1506 837 moratus

193 859 278 900 In
259 872 463 913 juvenem
484 860 609 900 torsit
622 860 844 911 jaculum:
874 860 1116 912 ferrataque
1134 862 1248 901 collo

194 926 429 975 Fraxinus,
450 931 499 965 ut
520 938 627 965 casu
644 924 789 977 Jacuit
806 925 1049 978 resupinus,
1071 926 1228 966 adacta
1248 933 1331 968 est.

193 992 322 1033 Mors
343 994 479 1033 caruit
500 1005 652 1032 sensu:
684 992 900 1045 plenoque
919 1005 943 1031 e
962 997 1132 1044 gutture
1152 992 1282 1032 fluxit
1402 1024 1405 1026 -
1563 994 1650 1036 325

193 1059 336 1113 Inque
357 1067 491 1108 toros,
513 1059 642 1112 inque
664 1061 762 1112 ipsa
779 1061 898 1111 niger
917 1058 1144 1099 carchesia
1163 1059 1359 1111 sanguis.

192 1126 301 1167 Vidi
319 1139 401 1178 ego
424 1126 659 1175 Petraeum,
685 1131 918 1166 conantem
940 1126 1126 1166 evellere
1147 1131 1262 1167 terra

192 1192 493 1235 Glandiferam
515 1206 746 1246 quercum:
779 1207 911 1247 quam
933 1193 1036 1233 dum
1058 1193 1364 1247 complexibus
1384 1195 1533 1245 ambit,

144 1304 148 1307 ,
189 1260 248 1301 Et
266 1262 405 1314 quatit
424 1262 507 1301 huc
527 1261 645 1310 illuc,
665 1261 968 1314 labefactaque
986 1261 1146 1302 robora
1159 1260 1321 1315 jactat,

186 1369 300 1410 infimoe
307 1370 426 1408 fronti.
473 1371 625 1410 Aphidas,
654 1380 734 1401 mero
750 1371 857 1401 hausto
881 1371 948 1401 sine
964 1371 1062 1408 modo,
1085 1373 1203 1401 stratus
1231 1373 1300 1401 erat
1315 1380 1416 1401 somno
1431 1370 1542 1410 victus,
1555 1380 1649 1411 neque

186 1412 340 1443 excitatus
356 1416 443 1442 tanto
457 1415 602 1453 strepitu,
617 1417 707 1452 atque
722 1414 879 1444 tractabat
896 1423 986 1443 mam
998 1413 1100 1452 sopita
1115 1413 1272 1443 carchesia
1289 1416 1473 1452 temperata,
1489 1416 1650 1452 porrectus

188 1464 278 1494 super
291 1455 367 1494 pelle
389 1455 511 1494 hispida
535 1465 615 1485 ursae
640 1456 764 1486 Ossoeae.
812 1456 911 1489 Quem
940 1455 1076 1485 Phorbas
1104 1458 1139 1484 ut
1165 1455 1289 1494 aspexit
1310 1456 1427 1495 procul,
1450 1456 1649 1495 nequicquam

190 1497 265 1527 bello
281 1500 444 1536 carentem,
459 1500 547 1536 aptat
571 1500 724 1527 amentum
742 1497 864 1535 digitis,
888 1501 990 1536 atque,
1017 1497 1129 1535 iuquit,
1154 1497 1295 1527 Haurias
1315 1507 1429 1528 merum
1444 1507 1512 1527 cum
1526 1497 1624 1538 Styge
1636 1508 1647 1528 .·

188 1548 284 1578 neque
298 1538 415 1569 diutius
431 1542 602 1576 cunctatus,
618 1539 698 1577 jecit
713 1539 822 1569 hastile
839 1539 869 1569 in
887 1539 1008 1574 tirum,
1004 1549 1010 1555 ·
1034 1548 1159 1577 cumque
1177 1539 1265 1576 forte
1289 1543 1406 1569 stratus
1429 1543 1507 1570 esset
1532 1540 1648 1579 resupi-

189 1580 405 1620 nus‚jucul1‹m
420 1580 550 1621 infixum
565 1585 609 1611 est
623 1582 709 1611 collo.
758 1582 846 1612 Mors
856 1580 927 1616 suit
953 1581 1019 1611 sine
1033 1590 1144 1616 sensu;
1167 1585 1257 1620 atque
1271 1591 1307 1611 ει
1307 1592 1361 1611 aar
1375 1585 1444 1612 ater
1460 1582 1595 1612 manavit
1607 1591 1648 1612 ex

189 1622 289 1653 collo
279 1632 313 1653 ιη
326 1624 429 1659 lectos,
448 1624 537 1661 inque
553 1623 619 1662 ipsa
633 1624 749 1662 pocula.
797 1624 866 1662 Ipse
893 1623 958 1653 ridi
986 1624 1142 1655 Petroeum
1156 1622 1305 1654 nitentem
1328 1624 1469 1655 revellere
1483 1624 1545 1654 solo
1561 1633 1649 1663 quer-

188 1675 256 1696 cum
274 1664 508 1704 glandiferam;
529 1674 619 1704 quam
633 1665 704 1694 dum
721 1665 945 1704 complectitur,
962 1670 991 1695 et
1006 1665 1065 1694 huc
1079 1661 1151 1695 illuc
1166 1666 1308 1705 impellit,
1333 1669 1424 1705 atque
1438 1666 1540 1705 agitat
1558 1665 1647 1697 arbo-

801 1734 880 1746 W

189 1782 250 1810 315
275 1779 435 1810 Heidelb.
451 1778 554 1817 front.
570 1779 782 1819 conjungitur.
785 1780 902 1808 -316.
918 1780 980 1809 317
999 1777 1118 1810 Heius.
1127 1779 1288 1817 correxit,
1302 1779 1424 1810 ductis..
1429 1779 1540 1816 ‚vinis5
1570 1789 1646 1812 cum

188 1826 289 1852 antea
314 1822 485 1858 ederetur,
522 1824 660 1854 eunctis..
665 1823 779 1853 xenis.-
805 1821 881 1852 Bas.
913 1829 963 1859 pr.
993 1822 1135 1852 cunctis..
1140 1821 1242 1852 ,σω-ξε.
1287 1821 1480 1852 Gronovius
1510 1822 1648 1854 volebat

180 1864 325 1903 junctis..
329 1865 428 1896 minis.
473 1865 641 1905 Aphypnas
656 1865 788 1905 Gryph
803 1863 866 1894 Ed.
881 1862 1043 1902 Apbzndas
1058 1863 1139 1895 Jun.
1155 1863 1271 1894 Abibas
1285 1864 1380 1895 Leid.
1401 1869 1436 1895 et
1452 1864 1531 1896 alii·
1546 1864 1598 1905 Ap
1600 1865 1648 1896 lu·-

188 1907 242 1937 bas
258 1907 359 1937 etiam
378 1918 460 1938 :unns
474 1910 580 1938 —318
607 1908 673 1938 Pro
690 1908 794 1938 mixta
817 1905 880 1936 Ed.
906 1904 1039 1945 Gryph.
1064 1905 1189 1944 Masta,
1203 1905 1288 1947 Arg.
1301 1906 1408 1944 juxta.
1410 1909 1517 1938 -319
1540 1875 1598 1938 O.p
1611 1912 1647 1939 et

187 1948 335 1990 quinque
360 1951 414 1980 alii
439 1950 580 1980 obscoenoe
608 1960 668 1990 pro
694 1950 820 1987 Ossoeoe,
835 1948 938 2002 quod,
956 1953 1112 1979 monente
1137 1948 1270 1989 Heius„
1294 1947 1431 1980 defendi
1459 1957 1574 1990 posset
1603 1959 1645 1981 ex

188 1992 315 2022 Lucan.
331 2002 396 2023 vu.
415 1996 488 2022 828.
515 1993 603 2022 ubi‘
619 2002 704 2023 ursae
723 1989 916 2023 obscoenae.’
963 1990 1051 2021 Stat.
1072 1991 1243 2022 Theb.v1.
1271 1994 1343 2022 865.
1366 1993 1514 2032 ‘turpes
1532 1992 1643 2024 ursae!

188 2034 353 2065 Similiter
369 2045 422 2072 ap.
442 2035 602 2065 Nostrum
622 2043 674 2066 111.
690 2035 795 2065 Trist.
813 2043 846 2065 v.
871 2035 923 2063 35.
926 2035 1034 2063 —320
1058 2033 1205 2066 Quidam
1221 2037 1404 2073 sequentem,
1419 2035 1505 2064 unde
1524 2034 1644 2067 Heius.

189 2076 282 2115 olim,
307 2082 417 2107 neutra
442 2087 529 2108 arma
554 2079 846 2117 sequentem—321
872 2074 1034 2106 Heidelb.
1060 2076 1196 2106 Inseruit
1227 2077 1344 2115 digitos
1375 2077 1494 2111 hastae,·
1516 2077 1645 2108 misc.—

189 2120 253 2148 322
275 2119 376 2149 Bibas
394 2130 461 2150 sec.
482 2121 568 2150 Mor.
592 2125 626 2150 et
645 2129 727 2150 unus
743 2119 838 2149 Med.
860 2118 950 2157 vulg.
979 2117 1071 2149 bibes.
1118 2118 1254 2148 Deinde
1271 2121 1407 2148 moratus
1422 2118 1542 2148 Heius.
1565 2128 1644 2158 pro-

189 2158 259 2190 fert
275 2169 317 2190 ex
332 2161 365 2192 S.
383 2162 505 2200 Marci,
528 2172 578 2201 pr.
597 2162 682 2192 Mor.
700 2171 767 2192 sec.
785 2161 859 2191 Pal.
877 2165 912 2189 et
930 2168 1051 2189 novem
1075 2160 1267 2190 aliis.-323
1292 2160 1386 2190 Unus
1415 2160 1530 2190 Heius.
1558 2161 1643 2192 misit

189 2210 252 2242 pro
266 2204 475 2235 tersia-:325
500 2203 543 2234 O.
561 2210 597 2234 et
614 2209 758 2244 quatuor
774 2203 830 2233 alii
848 2202 927 2232 Moae
958 2211 1021 2231 car.
1068 2201 1158 2232 Olim
1176 2202 1340 2232 edebatur
1362 2202 1510 2242 plenoque
1532 2212 1548 2233 e
1566 2213 1644 2242 gur-

188 2243 269 2283 gite,
291 2245 382 2284 quod
400 2246 524 2284 Regius
550 2246 591 2275 de
619 2251 737 2276 ventre
753 2243 960 2284 exponebat,
982 2249 1124 2282 propter
1146 2244 1411 2283 magnitudinem
1429 2245 1476 2274 sic
1493 2244 1644 2276 dicto.—

194 2288 258 2316 326
280 2286 359 2317 Bas.
384 2287 479 2327 Inque
504 2288 705 2317 sinus.—327
732 2286 871 2318 Plurimi
897 2285 1015 2324 tollere,
1040 2285 1134 2316 Med.
1162 2286 1281 2325 vellere,
1305 2289 1410 2316 terra:
1433 2286 1498 2316 duo
1524 2287 1644 2327 tollere,

194 2328 300 2360 Grou.
323 2329 471 2367 evellerae,
486 2331 719 2361 ἀπίτω-329
739 2328 886 2360 ‘Plurimi
909 2337 1035 2367 corpora
1048 2328 1163 2368 pulsat.
1194 2329 1274 2360 Jun.
1292 2333 1327 2359 et
1342 2329 1408 2359 ‹luo
1425 2329 1514 2360 Mor.
1530 2333 1643 2375 versat.

848 2414 878 2445 N
885 2411 987 2445 OTAE

192 2482 260 2518 rat,
273 2478 360 2519 quod
377 2479 502 2510 Caesari
518 2478 727 2510 ostentabat:
759 2479 812 2510 Ne
831 2488 886 2508 un-
941 2476 1160 2507 Carchesium
1186 2483 1300 2508 autem
1325 2476 1388 2508 hoc
1414 2476 1450 2506 in
1478 2476 1551 2507 loco
1578 2485 1640 2517 pro

193 2537 292 2569 quam
322 2528 435 2568 igitur,
461 2529 569 2570 unquit
593 2529 662 2566 ille,
677 2528 811 2569 fugiens
837 2539 886 2560 re·
943 2526 1019 2556 vino
1036 2526 1110 2566 ipso
1126 2526 1286 2565 positum.

193 2578 357 2619 spexeris
982 2579 1046 2607 319
1067 2577 1194 2616 Ossoeae]
1213 2578 1262 2607 Ex
1276 2577 1360 2607 Ossa
1376 2580 1491 2607 monte
1505 2576 1638 2617 petitae.

235 2629 299 2658 318
330 2628 510 2669 Carchesia]
544 2630 593 2660 Eo
619 2630 751 2660 nomine
772 2631 887 2670 appel·
984 2628 1045 2656 321
1063 2627 1211 2668 Amento]
1231 2628 1353 2658 Lotum
1370 2626 1640 2668 erat,qu0jacu-

190 2677 306 2708 lantur
330 2679 450 2717 pocula
477 2688 628 2720 procera,
655 2685 689 2710 et
715 2679 806 2710 circa
822 2690 888 2711 me·
941 2675 1010 2706 lum
1026 2676 1184 2718 medium,
1209 2687 1267 2708 seu
1281 2677 1389 2718 hasta,
1415 2681 1453 2710 ut
1470 2676 1543 2720 jaci
1566 2677 1639 2711 lon·

192 2726 283 2757 diam
298 2732 431 2767 partem
453 2738 659 2770 compressa,
673 2739 813 2771 quorum
830 2740 888 2761 an·
939 2726 1014 2769 gius
1028 2732 1156 2772 posset,
1171 2727 1390 2771 religabatur.

193 2786 240 2809 ⁸ae
270 2787 291 2809 a
320 2788 448 2813 summo
483 2780 527 2814 ad
563 2781 665 2813 imum
701 2780 886 2823 pertinent.
