1831 3023
234 217 346 260 1488
719 228 762 258 P.
794 225 950 257 ovmn
985 224 1195 257 NAsoms

237 326 383 376 Quam
402 322 687 377 restagnantis
707 322 810 363 fecit
829 320 960 362 maris
980 321 1095 363 unda
1114 320 1330 375 paludem.

237 393 362 443 Inde,
381 391 549 444 fragore
569 390 692 443 gravi
712 390 959 442 strepitans,
982 388 1082 430 loca
1099 389 1300 443 proxima
1319 389 1465 438 terret,
1595 386 1681 429 365

237 460 392 500 Bellua
411 462 553 506 vasta,
573 457 706 508 lupus
724 470 733 496 z
763 455 965 506 ulvisque
985 455 1254 507 palustribus
1275 455 1385 504 exit,

238 526 413 566 Oblitus
435 529 480 564 et
500 523 665 575 spumis
686 524 729 560 et
749 521 894 573 spisso
917 523 1122 574 sanguine
1141 524 1279 563 rictus

237 591 488 631 Fulmineos
507 602 516 639 ;
547 589 676 628 rubra
695 587 887 628 suffusus
907 587 1072 629 lumina
1090 590 1281 631 flamma.

237 656 343 707 Qui,
366 668 612 709 quanquam
634 655 763 696 saevit
782 656 943 707 pariter
965 657 1169 710 rabieque
1188 657 1400 710 fameque,

235 723 394 764 Acrior
414 725 482 763 est
502 722 637 762 rabie.
697 721 853 775 Neque
874 723 987 763 enim
1002 724 1173 778 jejunia
1190 728 1315 766 curat
1597 720 1682 762 370

236 789 369 831 Caede
387 790 533 838 boum,
557 789 780 841 diramque
800 788 960 829 famem
980 791 1154 839 satiare,
1176 791 1252 831 sed
1274 802 1400 831 omne

242 856 451 897 Vulnerat
470 860 724 902 armentum,
754 855 991 906 sternitque
1011 855 1227 897 hostiliter
1247 870 1390 898 omne.

237 923 350 964 Pars
369 935 544 975 quoque
567 921 618 960 de
638 919 764 960 nobis
784 919 958 961 funesto
980 921 1136 960 saucia
1162 935 1326 972 morsu,

239 990 357 1031 Dum
379 988 671 1036 defensamus,
691 987 780 1027 leto
798 990 865 1027 est
887 987 1005 1028 data.
1066 987 1283 1041 Sanguine
1302 989 1425 1030 littus

239 1055 458 1108 Undaque
479 1056 621 1108 prima
641 1055 808 1103 rubent,
830 1055 1148 1108 demugitaeque
1168 1056 1368 1109 paludes.
1601 1055 1688 1096 375

239 1123 326 1165 Sed
348 1136 468 1163 mora
489 1122 702 1162 damnosa
722 1124 802 1169 est,
824 1134 900 1161 nec
922 1134 990 1161 res
1011 1121 1212 1163 dubitare
1234 1123 1438 1164 remittit:

240 1191 358 1232 Dum
381 1194 580 1242 superest
602 1187 782 1242 aliquid,
805 1189 955 1229 cuncti
977 1188 1201 1238 coeamus,
1224 1194 1266 1230 et
1288 1202 1424 1240 arma,

237 1256 375 1298 Arma
396 1268 696 1309 capessamuS,
719 1254 1033 1309 conjunctaque
1055 1256 1142 1296 tela
1161 1256 1362 1297 feramus.

239 1324 424 1365 Dixerat
444 1323 639 1375 agrestis.
701 1321 801 1363 Nec
823 1321 956 1362 Pelea
976 1322 1135 1363 damna
1155 1324 1414 1364 movebant:

230 1453 321 1491 fecit.
367 1453 469 1493 Lupus
480 1454 590 1491 ingens
595 1453 669 1491 fera
685 1463 716 1483 os
731 1453 842 1484 habens
856 1463 970 1484 soevum
985 1454 1109 1484 madens
1122 1453 1237 1493 spumis
1248 1457 1278 1483 et
1289 1463 1388 1484 crasso
1399 1452 1480 1493 tubo,
1489 1456 1580 1494 atque
1594 1454 1693 1485 oculos

236 1498 341 1536 plenos
356 1496 505 1526 rutilante
518 1496 600 1534 igne,
610 1496 743 1535 erumpit
763 1497 857 1535 sylvis
870 1496 1060 1535 palustribus
1071 1506 1139 1526 cum
1152 1496 1274 1534 ingenti
1284 1496 1431 1536 strepitu,
1444 1499 1534 1535 atque
1541 1496 1693 1534 frendens

239 1542 388 1568 terrorem
401 1538 514 1568 incutit
530 1538 604 1568 Iocis
615 1538 707 1578 proxi
713 1538 781 1568 mis.
812 1538 877 1572 Qui
890 1538 1013 1568 tametsi
1027 1538 1119 1568 simul
1126 1537 1210 1576 furit
1221 1537 1308 1575 same
1323 1542 1415 1578 atque
1425 1538 1523 1577 rabie,
1535 1539 1692 1570 vehemen-

238 1580 303 1610 tior
316 1584 361 1610 est
376 1580 471 1610 rabie.
517 1579 624 1619 Neque
637 1581 715 1610 enim
729 1580 863 1610 intendit
876 1581 998 1620 explere
1005 1579 1126 1618 jcgy’unia
1138 1583 1167 1610 et
1179 1580 1401 1616 acremsamem
1414 1584 1509 1611 morte
1521 1584 1692 1620 taurorum,

239 1623 291 1652 sed
302 1626 416 1653 mactat
433 1626 531 1652 totum
549 1625 666 1651 armeni
672 1632 732 1660 um,
748 1625 778 1652 et
793 1631 878 1652 omne
890 1622 1023 1661 proterit
1034 1622 1200 1653 hostiliter.
1237 1623 1318 1652 Pars
1331 1622 1424 1652 etiam
1436 1625 1576 1654 nostrum
1590 1624 1692 1654 vulne-

237 1668 311 1695 rata
336 1664 420 1694 letali
443 1674 555 1702 morsu,
580 1665 650 1693 dum
673 1672 817 1693 conamur
831 1673 946 1702 arcere,
965 1664 1032 1694 neci
1046 1667 1092 1693 est
1115 1664 1243 1694 tradita.
1289 1664 1395 1694 Littus
1409 1668 1438 1694 et
1452 1665 1555 1704 prima
1569 1675 1647 1705 aqua
1663 1668 1693 1696 et

238 1707 365 1746 paludes
379 1707 542 1744 demugitoe
560 1706 668 1735 rubent
682 1705 843 1743 sanguine.
889 1704 951 1735 Sed
976 1705 1131 1735 cunctatio
1158 1709 1205 1735 est
1230 1706 1416 1745 perniciosa,
1440 1715 1533 1746 neque
1555 1707 1694 1740 ressinit

239 1748 395 1778 hoesitare.
442 1748 599 1781 Quamdiu
612 1747 727 1785 aliquid
742 1749 851 1785 restat,
865 1756 965 1776 omnes
980 1746 1204 1783 conveniamus,
1218 1751 1247 1777 et
1260 1757 1359 1786 armu,
1371 1758 1459 1778 arma
1473 1748 1649 1791 induamur,
1662 1752 1693 1780 et

233 1789 375 1827 seramus
391 1790 500 1828 jacula
524 1789 615 1820 socia.
662 1789 809 1819 Rusticus
835 1789 1014 1820 absolverat.
1060 1789 1166 1829 Neque
1184 1789 1284 1820 clades
1299 1790 1446 1830 tangebat
1462 1791 1609 1823 Peleum:
1638 1791 1696 1823 Ve-

850 1884 1085 1897 eeeeeeeeeeee

241 1952 302 1980 365
328 1949 507 1989 strepitans
526 1959 585 1989 pro
603 1950 693 1990 vulg.
717 1949 864 1989 strepitus
879 1959 920 1980 ex
946 1952 1014 1981 vet.
1044 1949 1129 1981 eod.
1154 1950 1253 1982 dedit
1276 1951 1456 1982 Constant.
1479 1951 1694 1991 Fanens.ap-

243 1991 410 2031 probante
423 1992 542 2022 Heius.
557 1992 613 2022 alii
626 1993 733 2031 gravis
744 1993 796 2022 vel
806 1993 897 2031 gravi
907 1992 1059 2032 strepitu:
1080 1993 1166 2024 Exc.
1185 1994 1343 2025 Calandr.
1355 1993 1531 2033 crepitans‚·
1544 1993 1694 2033 Spirens.

237 2034 485 2073 stirpium—306
504 2034 619 2074 Ulvisq.
637 2044 723 2066 corr.
756 2035 870 2066 Burm.
888 2044 948 2074 pro
971 2035 1062 2074 vulg.
1084 2036 1209 2076 sylvisq.
1225 2036 1290 2067 duo
1303 2035 1433 2075 fulvisq.
1449 2035 1507 2066 alii
1523 2036 1694 2074 nivei-sq.—

243 2079 316 2106 367.
335 2079 397 2107 368
422 2075 585 2107 Ciofanus
601 2077 635 2107 in
664 2077 731 2107 suis
759 2077 841 2107 Mss.
861 2076 989 2116 reperit
1015 2077 1141 2108 Obsitus
1167 2082 1196 2108 et
1216 2088 1260 2117 sp.
1284 2078 1372 2118 quod
1391 2077 1548 2117 placebat
1571 2077 1694 2108 Heius.

245 2117 381 2148 Deinde
398 2122 427 2148 et
450 2128 511 2158 pro
529 2119 615 2159 vulg.
644 2123 688 2149 est
711 2119 865 2149 meliores
891 2118 1027 2149 habent.
1073 2118 1180 2158 Spicso
1205 2120 1306 2150 etiam
1331 2129 1373 2150 ex
1399 2118 1442 2150 Ο.
1470 2129 1537 2150 sec.
1567 2119 1641 2150 Pal.
1658 2122 1694 2150 et

243 2159 314 2188 aliis
334 2159 450 2190 Heius.
467 2161 601 2199 recepit
617 2170 677 2200 pro
693 2162 783 2200 vulg.
799 2170 909 2191 crasso.
954 2160 1023 2190 Alii
1039 2162 1141 2191 etiam
1157 2162 1248 2192 rictu.
1286 2161 1377 2192 Olim
1393 2161 1559 2192 edebatur
1577 2161 1695 2192 Fulmi-

244 2211 338 2235 neus,·
362 2202 511 2232 restituit
529 2202 649 2232 Heius.
674 2202 851 2232 Fulmineos
878 2212 919 2231 ex
947 2203 1104 2233 Calandr.
1125 2204 1293 2243 Bernegg.
1322 2213 1372 2243 pr.
1388 2203 1494 2234 Gron.
1509 2208 1545 2234 et
1567 2203 1696 2234 aliis.—

245 2246 308 2273 369
332 2244 479 2274 Berolin.
496 2244 616 2282 pariter
641 2245 845 2274 samin—371
873 2243 961 2273 Olim
979 2244 1144 2275 edebatur
1167 2245 1286 2283 famem
1304 2245 1422 2286 finire:
1446 2255 1496 2285 pr.
1521 2245 1563 2276 R.
1579 2245 1695 2282 lenire,-

244 2285 490 2320 nzulti‚seclure:
516 2286 612 2315 Cant.
632 2295 692 2324 pro
710 2285 779 2315 div.
798 2286 876 2315 lect.
893 2289 1055 2316 saturare.-
1078 2292 1166 2325 octo,
1191 2288 1318 2326 satiare,
1342 2288 1430 2328 quod
1453 2287 1558 2327 elegit
1572 2287 1695 2319 Heius.

244 2329 350 2357 —372
377 2328 472 2356 Omne
496 2327 623 2357 babent
651 2327 701 2357 Fi.
719 2328 749 2357 S.
767 2327 888 2365 Marci,
904 2332 939 2357 et
956 2337 1039 2358 unus
1057 2329 1176 2359 Heius.
1205 2330 1326 2367 ceteri,
1348 2332 1568 2362 omnes.—375
1592 2329 1696 2369 Vulg-

246 2369 355 2405 Νώρα
378 2378 420 2398 ex
436 2370 496 2399 Ro.
513 2369 632 2399 Heius.
648 2369 757 2399 rubent
775 2369 1023 2408 recepit.—377
1050 2371 1155 2409 Olim,
1169 2372 1305 2402 coeamus
1321 2373 1360 2402 ad
1373 2382 1481 2409 ανηιιι,θ
1504 2371 1562 2402 sed
1577 2374 1609 2402 et
1623 2371 1694 2411 ple-

247 2412 342 2451 rique
359 2415 441 2441 vett.
458 2411 593 2442 habent.
637 2412 769 2452 Tanaq.
797 2411 908 2442 Faber
937 2421 1026 2442 corr.
1044 2416 1072 2443 et
1089 2415 1192 2443 damn.
1239 2414 1328 2446 Quia
1344 2414 1469 2445 Damna
1484 2423 1561 2444 mox
1585 2413 1695 2454 sequi-

247 2459 312 2494 tur,
329 2458 514 2494 propterea
534 2453 672 2485 Bothius
689 2454 741 2484 hic
768 2458 865 2494 putat
889 2455 1070 2494 legendum
1094 2456 1296 2487 ‹licta—380
1321 2456 1477 2488 Menard.
1497 2456 1623 2488 Nereid.
1649 2466 1697 2488 co-

898 2572 1040 2603 NOTAE

290 2658 350 2686 375
363 2656 557 2696 Demugitoe]
566 2657 692 2688 Contra
700 2657 945 2688 Grammatices
997 2662 1145 2698 stragem
1161 2656 1371 2698 cogitationi=
1383 2658 1532 2699 subjicit.
1577 2658 1700 2690 Exter-

247 2705 413 2735 rationem
429 2704 607 2736 formatum
631 2711 681 2736 est
705 2707 942 2747 participium:
999 2707 1065 2737 rita
1089 2713 1242 2739 armenta
1264 2718 1418 2748 cernere,
1442 2707 1618 2741 reboantia
1642 2708 1696 2741 lit-

249 2761 283 2784 at
322 2755 410 2786 enim
440 2765 539 2796 quani
569 2756 695 2796 optime
725 2757 810 2788 hanc
838 2761 946 2789 totam
1001 2763 1076 2789 tora
1092 2759 1220 2798 audire,
1237 2759 1362 2790 videor.
