1831 3023
514 235 986 280 MRTAMORPH08139N
1021 236 1068 266 Ll
1077 236 1115 267 B.
1147 235 1241 267 ΧΠ.

151 331 355 374 Arserat:
387 335 575 374 armarat
595 331 721 372 Deus
740 329 872 380 idem,
893 331 1098 384 idemque
1120 333 1346 371 cremarat.

149 399 179 439 J
183 413 253 441 am
273 401 382 441 cinis
403 404 484 449 est,
505 402 546 439 et
564 397 618 438 de
639 401 727 437 tam
749 409 906 450 magno
928 402 1064 439 restat
1090 396 1264 438 Achille

150 466 318 508 Nescio
342 467 461 520 quid,
483 477 666 519 parvam
688 464 806 517 quod
829 478 914 506 non
936 466 1043 505 bene
1063 464 1286 517 compleat
1305 475 1471 504 urnam.

150 532 211 575 At
231 534 352 581 vivit,
373 538 511 573 totum
533 545 633 585 quae
656 532 796 585 gloria
818 533 1036 585 compleat
1057 533 1223 573 orbem.

152 599 268 641 Haec
289 601 353 640 illi
372 611 573 640 mensura
593 599 687 639 viro
706 600 960 653 respondet,
985 604 1028 640 et
1048 600 1131 640 hac
1151 604 1218 641 est

149 665 238 707 Par
260 667 344 707 sibi
363 666 566 716 Pelides3
597 677 677 706 nec
697 666 849 706 inania
869 666 1053 713 Tartara
1075 667 1218 706 sentit.

148 732 255 786 Ipse
276 734 421 781 etiam,
443 737 491 773 ut
510 733 636 786 cujus
654 731 783 773 fuerit
804 738 1068 785 cognoscere
1090 732 1251 785 possis,

1519 729 1604 771 620

147 799 272 840 Bella
291 802 436 839 movet
456 798 660 852 clypeus:
691 799 830 852 deque
851 798 983 838 armis
1004 810 1123 838 arma
1142 799 1350 840 feruntur.

147 865 190 906 N
196 879 253 907 on
272 877 324 906 ea
343 865 555 918 Tydides,
575 879 659 906 non
680 865 816 907 audet
837 864 990 906 Oileos
1011 864 1150 918 Ajax,

146 931 247 973 Non
267 933 403 972 minor
424 931 620 982 Atrides,
638 945 724 974 non
745 946 872 986 regno
892 934 1035 987 major
1055 938 1100 974 et
1121 947 1218 975 aevo

143 998 351 1049 Poscere,
374 1012 459 1040 non
481 1000 580 1040 alii:
613 1000 699 1040 soli
718 999 956 1040 Telamone
976 1004 1139 1049 creat0‚

145 1065 394 1119 Laertaque
415 1067 497 1107 fuit
516 1070 649 1108 tantae
673 1066 836 1108 fiducia
857 1067 1018 1108 laudis.

1518 1067 1604 1108 625

145 1210 280 1250 Groecae,
297 1212 346 1242 vir
362 1211 436 1243 bello
451 1212 595 1253 int-ictus,
608 1217 761 1244 crenmtus
775 1217 842 1244 erat
856 1223 865 1242 :
888 1214 966 1245 idem
983 1213 1069 1244 Deus
1085 1214 1180 1244 armis
1193 1214 1401 1253 instruxerat,
1416 1217 1507 1254 alque
1523 1214 1604 1244 idem

143 1258 275 1285 usserat.
319 1255 393 1285 Jam
423 1256 502 1286 cinis
531 1259 587 1295 est,
611 1259 641 1287 et
664 1257 701 1287 de
725 1260 812 1287 laeto
835 1257 956 1288 Achille
972 1260 1107 1296 superest
1124 1257 1224 1287 nescio
1240 1257 1326 1297 quid,
1346 1259 1424 1296 quod
1447 1267 1506 1287 non
1528 1255 1608 1287 satis

143 1296 269 1335 impleat
294 1308 421 1338 parram
454 1308 573 1329 urnam.
618 1300 662 1330 At
687 1300 752 1330 laus
774 1302 944 1339 permanet,
967 1309 1035 1339 quoe
1061 1300 1186 1339 impleat
1210 1303 1309 1329 totum
1333 1301 1491 1330 mundum.
1538 1297 1604 1329 Hic

144 1340 250 1370 modus
265 1341 402 1371 convenit
420 1341 465 1370 illi
479 1342 546 1371 tiro
560 1352 571 1377 ,·
594 1345 686 1382 alque
711 1352 744 1372 eo
758 1342 817 1372 sibe·
839 1346 884 1372 est
905 1342 1041 1373 Achilles
1053 1342 1190 1382 aqualis,
1205 1351 1299 1381 neque
1314 1342 1458 1380 tangitur
1473 1341 1605 1372 exitibus

145 1379 273 1418 Inferis.
320 1383 390 1423 lpse
403 1385 497 1413 etiam
511 1384 643 1424 clypeus,
658 1387 691 1414 ut
704 1393 836 1424 pronum
851 1385 894 1414 sit
910 1393 1090 1422 cognoscere
1108 1383 1319 1422 cnjussuerit,
1338 1384 1399 1414 ciet
1422 1384 1603 1419 certamina,

143 1425 234 1462 utque
257 1434 344 1455 arma
362 1425 515 1462 seruntur
543 1435 698 1456 armorum
721 1436 822 1456 causa.
871 1426 1005 1466 Tydides
1035 1435 1094 1455 non
1115 1427 1207 1455 audet
1230 1435 1266 1455 ea
1285 1428 1404 1464 petere,
1431 1435 1491 1455 non
1506 1426 1603 1455 etiarn

145 1465 263 1505 Oileus,
279 1477 337 1497 non
354 1467 483 1498 Atrides
499 1468 609 1503 minor,
636 1477 695 1498 non
720 1468 821 1505 mnjor
843 1471 938 1498 oetate
963 1470 994 1498 et
1022 1466 1092 1498 belli
1104 1467 1233 1506 peritia,
1248 1476 1307 1496 non
1322 1467 1379 1497 alii
1390 1478 1400 1497 .·
1421 1476 1489 1506 spes
1505 1470 1601 1496 tanea.-

138 1508 250 1546 glorioe
264 1509 357 1540 movit
371 1509 480 1550 filium
493 1510 590 1540 solum
606 1508 789 1550 Telamonis,
803 1514 896 1550 atque
911 1509 1046 1540 Laertoe.
1095 1509 1273 1540 Tantalides
1296 1519 1314 1539 a
1340 1519 1372 1540 se
1393 1510 1511 1550 depulit
1528 1518 1602 1539 onus

754 1613 987 1624 mm

139 1673 311 1705 doontiacu.
333 1673 493 1704 Menard.
511 1678 546 1705 et
562 1673 713 1705 Berolin.
728 1673 822 1705 cecid.
850 1673 1068 1704 καινὴ-615
1095 1673 1139 1705 N.
1156 1677 1231 1704 rest.
1255 1673 1492 1705 ΑσΙιὶΙΙί.-616
1516 1673 1597 1705 Om-

140 1725 200 1747 nes
216 1714 288 1747 fere
304 1716 423 1756 scripti
450 1717 542 1747 Nesc.
558 1717 633 1756 quid
654 1726 797 1756 parvum,
821 1717 911 1756 quod,
936 1716 1094 1754 &ca—617
1122 1715 1202 1755 Arg.
1230 1717 1310 1755 glor.
1338 1717 1473 1756 possidet
1489 1717 1599 1746 orb.—

142 1761 216 1790 618.
239 1761 304 1789 619
329 1758 368 1788 ln
386 1759 553 1789 nonnullis
569 1759 612 1789 ill.
630 1768 775 1788 mansura
801 1758 858 1788 tir.
883 1758 974 1788 Dein
993 1759 1082 1796 vulg.
1108 1758 1230 1798 legitur
1246 1762 1276 1788 et
1291 1759 1356 1788 hoec
1371 1762 1416 1789 est
1445 1759 1509 1788 Par
1525 1759 1598 1796 eibi,

143 1801 262 1832 Pelide.
308 1801 372 1831 Sed
389 1801 486 1831 multi
507 1805 590 1832 vett.
613 1800 762 1831 Pelides:
787 1800 873 1831 alter
890 1799 1020 1830 Erfurt.
1039 1806 1075 1831 et
1090 1806 1198 1841 quart.
1226 1800 1319 1831 Med.
1340 1801 1422 1830 Pars
1435 1801 1493 1831 tibi
1512 1801 1593 1832 Peu-

139 1845 218 1879 dee;
250 1848 285 1873 et
303 1843 351 1873 ΡΙ.
379 1844 410 1873 S.
440 1843 549 1873 Marci
577 1843 644 1872 Pur
676 1843 736 1873 sibi
766 1843 908 1878 Pelates,-
940 1852 983 1873 ex
1011 1843 1131 1883 quibus
1158 1842 1311 1883 vestigiis
1338 1843 1458 1874 Heins.
1487 1843 1597 1874 locum

142 1885 398 1916 refinxit.—620
423 1885 518 1916 Leid.
548 1885 618 1925 Ῑμοε
647 1894 760 1925 quoque
787 1889 831 1916 ut.
865 1885 970 1915 Possis
999 1895 1041 1916 ex
1073 1885 1286 1923 melioribus;
1321 1886 1411 1926 vulg.
1438 1895 1597 1925 posses.—

139 1932 200 1960 621
227 1928 369 1958 Plurimi
387 1928 495 1959 Codd.
522 1937 636 1968 proque
651 1937 728 1958 arm.
754 1928 841 1958 Dein
867 1927 1024 1958 Menard.
1041 1937 1118 1960 arm.
1145 1930 1424 1959 mouentum—623
1449 1928 1599 1958 Berolin.

140 1971 245 2002 habet
260 1980 314 2001 nec
342 1980 402 2011 pro
420 1980 477 2000 non
494 1970 527 2000 in
546 1976 691 2010 utroque
718 1971 804 2000 loco.
832 1969 967 2001 Deinde
985 1971 1101 2001 Burm.
1131 1971 1244 2010 placet
1264 1969 1391 2001 Arund.
1420 1970 1521 2001 lectio
1536 1980 1596 2002 non

138 2012 421 2053 revomi—624
436 2013 554 2044 Heius.
565 2013 682 2043 mallet
693 2013 766 2043 solis
784 2013 897 2045 Telum.
914 2013 1145 2044 c1·eati³.—625
1164 2012 1232 2044 Alii
1245 2012 1401 2044 scribunt
1413 2013 1595 2053 La'e'rtaeque

794 2117 825 2148 N
833 2116 940 2148 OTAE

180 2192 243 2221 614
268 2189 371 2230 Deua]
407 2190 592 2229 Vulcanus,
616 2189 760 2229 scilicet,
782 2191 839 2231 qui

137 2239 291 2271 Thetidis
308 2245 427 2280 rogatu
446 2239 569 2271 Achilli
582 2250 676 2271 arma
693 2239 839 2272 fabrica-

141 2295 247 2321 verat.

180 2342 245 2371 616
270 2340 382 2371 Nescio
397 2339 485 2380 quid]
525 2339 610 2370 Haec
634 2345 687 2371 est
706 2350 838 2381 quoque

138 2399 211 2422 sors
234 2390 387 2428 heroum,
410 2394 446 2419 ut
473 2389 581 2420 brutis
605 2389 672 2420 sint
698 2390 839 2430 stupidi-

137 2450 231 2478 ore53
255 2441 312 2482 qui
330 2440 361 2470 in
380 2444 476 2470 tauta
492 2439 638 2469 omnium
657 2448 767 2470 rerum
783 2449 840 2470 ex·

138 2497 312 2522 ternarum
353 2490 522 2521 tenuitate
560 2494 595 2520 et
639 2487 840 2530 fragilitate,

139 2541 285 2571 animum
300 2541 341 2570 ad
355 2539 551 2570 sublimiora
564 2545 599 2571 et
613 2539 761 2570 firmiora
774 2549 840 2571 non

138 2596 258 2622 curent
275 2591 446 2621 attollere.

180 2645 242 2674 617
254 2642 380 2682 Gloria]
400 2642 426 2672 N
435 2652 554 2682 amque
565 2642 720 2672 omnibus
732 2651 837 2683 prope

137 2693 247 2734 po‘e'tis
265 2692 415 2723 Achilles
430 2692 642 2723 ‹lc-cantatus.

179 2745 239 2773 621
266 2742 359 2772 Bella
375 2740 489 2781 motet]
512 2741 732 2773 Gravissimae
748 2741 838 2774 enim

137 2793 226 2824 inter
242 2791 385 2833 Ajacem
405 2791 596 2822 Telamonis
624 2796 659 2824 et
685 2792 837 2834 Ulyssem

895 2192 936 2223 de
953 2190 1098 2222 Achillis
1114 2191 1214 2222 armis
1230 2191 1467 2222 contentiones
1479 2196 1573 2222 ortoe.

936 2244 999 2272 622
1026 2241 1177 2282 Tydides]
1202 2241 1388 2272 Diomedes
1403 2246 1468 2280 est,
1483 2242 1593 2282 Tydei

894 2291 994 2330 filim,
1009 2301 1092 2322 unus
1108 2301 1149 2322 ex
1167 2291 1300 2323 Graecis
1316 2292 1537 2333 principibus.

939 2342 1057 2383 Oileos]
1086 2342 1178 2373 Oilei
1191 2343 1374 2373 Locrorum
1386 2342 1476 2383 regis
1494 2342 1593 2373 tilius.

937 2393 999 2422 623
1047 2391 1170 2432 Minor]
1225 2393 1414 2432 Menelaus,
1453 2393 1593 2430 scilicet,

894 2441 994 2472 Atrei
1010 2440 1110 2473 filius.

937 2491 1425 2532 Mnjw]Aganicrnnon‚frater
1435 2492 1594 2523 Menelai.

935 2544 999 2573 624
1019 2542 1179 2573 Telamone
1189 2543 1307 2582 creato]
1325 2543 1434 2583 Ajaci,
1448 2542 1592 2578 scilicet,

894 2591 949 2632 qui
966 2596 1099 2632 patrem
1116 2593 1234 2623 habuit
1249 2593 1480 2630 Telamonem,
1497 2591 1591 2622 AEaci

893 2641 1010 2673 filium.

934 2695 996 2724 625
1020 2691 1151 2731 Laerta]
1175 2692 1311 2733 Ulysses
1325 2691 1445 2723 Laerta
1455 2697 1590 2724 creatus

891 2741 969 2774 fuit.
