1831 3023
212 154 326 197 1448
697 170 740 199 P.
773 168 931 198 ovum
963 167 1176 198 NASONIS

213 259 293 301 Nil
314 273 427 314 opus
447 265 530 311 est,
554 260 780 310 Atalanta,
803 261 904 300 tibi:
934 259 1037 311 fuge
1058 260 1258 314 conjugis
1278 272 1419 301 usum.
1575 258 1661 299 565

211 326 310 369 Nec
330 333 479 369 tamen
497 330 674 382 effugies
693 344 702 370 :
733 333 861 381 teque
883 330 985 381 ipsa
1005 330 1105 369 viva
1127 329 1311 369 carebis.

209 394 382 436 Territa
403 401 519 436 sorte
542 397 630 437 Dei
650 409 729 448 per
750 409 918 448 opacas
937 396 1101 437 innuba
1122 397 1270 451 sylvas

210 460 359 503 Vivit:
391 467 435 502 et
455 464 686 502 instantem
707 462 876 502 turbam
900 463 1086 504 violenta
1106 476 1337 517 procorum

210 527 474 569 Conditione
496 529 643 581 fugat:
676 527 773 569 Nec
797 542 890 569 sum
910 531 1133 583 potiunda,
1154 532 1253 580 nisi,
1275 530 1429 584 inquit,

208 595 343 635 Victa
362 596 485 647 prius
506 608 651 636 cursu.
713 595 909 636 Pedibus
931 597 1175 637 contendite
1196 611 1381 638 mecum.
1574 595 1678 638 570>

208 661 401 701 Praemia
421 662 564 703 veloci
585 664 747 718 conjux
767 663 1031 717 thalamique
1054 665 1298 716 dabuntur3

208 726 334 768 Mors
353 729 541 781 pretium
561 731 714 771 tardis.
774 730 841 770 Ea
860 731 931 771 lex
953 734 1200 772 certaminis
1221 736 1330 773 esto.

208 794 296 836 Illa
316 796 491 848 quidem
509 796 714 837 immitis:
747 797 824 836 sed
845 795 989 849 (tanta
1009 799 1205 849 potentia
1223 799 1376 839 formae
1403 795 1491 851 est)

208 861 345 902 Venit
366 863 420 903 ad
441 863 552 904 hanc
569 864 708 917 legem
730 865 959 903 temeraria
978 865 1105 904 turba
1122 877 1366 917 procorum.

207 929 393 971 Sederat
414 930 717 984 Hippomenes
736 944 891 972 cursus
911 936 1138 984 spectator
1157 932 1319 987 iniqui:
1577 931 1663 972 575

207 996 278 1047 Et,
302 997 471 1040 Petitur
492 999 695 1052 cuiquam
717 1012 796 1052 per
816 1002 936 1039 tanta
956 999 1156 1052 pericula
1177 999 1337 1053 conjux
1355 1000 1373 1038 'l

207 1063 419 1107 Dixerat:
451 1079 503 1107 ac
523 1067 681 1107 nimios
695 1067 913 1120 juvenum
933 1067 1158 1108 damnarat
1177 1080 1360 1108 amores.

208 1130 272 1172 Ut
292 1131 464 1184 faciem,
487 1137 529 1174 et
546 1135 699 1188 posito
721 1148 883 1188 corpus
905 1135 1118 1176 velamine
1139 1134 1264 1184 vidit,

207 1277 266 1308 tibi
281 1289 355 1319 opus
370 1284 414 1312 est
428 1281 552 1322 marito,
567 1282 731 1313 Atalanta.
782 1283 857 1314 Vita
884 1292 973 1313 usum
999 1282 1118 1313 mariti.
1163 1283 1272 1323 Neque
1288 1285 1390 1313 tamen
1414 1279 1548 1312 vitabis:
1571 1283 1664 1321 atque

205 1321 278 1351 riva
293 1323 409 1354 carebis
423 1327 453 1355 te
467 1324 547 1364 ipsa.
591 1326 740 1356 Attonita
765 1335 907 1365 responso
923 1326 998 1363 Dei,
1025 1325 1123 1355 vitam
1138 1326 1206 1364 agit
1233 1324 1368 1355 coelibem
1390 1334 1446 1364 per
1472 1323 1596 1354 obscura
1612 1333 1664 1354 ne-

205 1373 314 1399 mora‚·
336 1370 426 1405 atque
448 1376 528 1396 soeva
544 1368 663 1407 repellit
680 1368 886 1407 importunum
901 1377 1058 1398 numeram
1079 1377 1241 1406 procorum
1265 1368 1352 1405 lege:
1378 1367 1496 1406 Neque,
1522 1365 1580 1403 ait,
1595 1375 1663 1396 sum

206 1404 381 1446 obtinenda,
405 1409 467 1439 nisi
489 1412 561 1439 ante
583 1413 727 1449 superata
742 1419 844 1440 cursu.
892 1410 1019 1440 certate
1043 1419 1158 1440 mecam
1179 1409 1316 1449 pedibus.
1365 1409 1454 1439 Uxor
1479 1411 1509 1438 et
1535 1407 1665 1438 thalami

205 1448 429 1481 exhibebuntur·
443 1451 475 1481 in
491 1454 658 1482 mercedem
674 1452 764 1483 celeri
776 1462 787 1488 ,·
809 1462 892 1482 mors
907 1452 971 1482 erit
992 1452 1156 1491 premium
1181 1452 1291 1482 lentis.-
1314 1461 1350 1481 ea
1371 1452 1413 1481 sit
1436 1451 1573 1481 conditio
1595 1460 1665 1480 con-

206 1492 365 1524 tentionis.
411 1493 472 1523 Illa
488 1494 608 1533 quidem
624 1496 701 1524 dara
713 1506 724 1526 .·
746 1495 809 1534 sed,
835 1498 926 1525 tanta
942 1498 985 1525 est
1004 1496 1047 1524 ris
1070 1494 1323 1534 pulchritudinis,
1349 1498 1473 1524 caterva
1489 1493 1665 1532 imprudens

204 1541 366 1573 procorum
381 1536 505 1566 accessit
523 1546 558 1566 εα
573 1537 650 1575 lege.
682 1537 892 1576 Hippomenes
905 1538 1026 1567 sederat
1041 1540 1194 1576 spectator
1208 1546 1315 1567 cursus
1329 1536 1427 1576 iniqui
1441 1547 1453 1573 ;
1475 1539 1565 1575 atque
1575 1535 1665 1566 (lixe-

206 1578 271 1613 rat,
291 1577 380 1607 Uxor
396 1588 414 1607 α
429 1588 580 1618 quoquam
604 1579 763 1618 expetitur
783 1589 840 1618 per
863 1583 953 1610 tanta
981 1577 1188 1609 discrimina?
1210 1582 1300 1619 atque
1315 1581 1463 1617 arguerat
1489 1578 1666 1608 immodicos

207 1619 490 1657 amoresjuvemmz.
535 1622 703 1660 Postquam
714 1621 865 1661 spectavit
882 1622 996 1659 vultus,
1013 1625 1043 1651 et
1059 1630 1168 1660 corpus
1177 1621 1300 1661 derepto
1317 1621 1443 1661 amictu,
1457 1619 1546 1660 quale
1557 1629 1667 1659 meum,

817 1714 1050 1726 eeeeeeeeeeee

205 1781 361 1816 promtum
391 1782 449 1818 est,
466 1779 556 1820 quod
588 1781 707 1812 Burm.
733 1779 868 1811 videtur
897 1789 939 1810 ex
968 1788 1049 1811 xur.
1067 1783 1118 1811 10.
1146 1782 1410 1812 sumtum—563
1434 1779 1538 1811 Multi
1563 1778 1667 1820 scrip-

208 1819 234 1848 ti
254 1819 410 1861 formane,
434 1823 487 1853 vel
509 1822 654 1861 formave
679 1823 878 1854 boum—564
903 1822 987 1854 cod.
1018 1823 1176 1853 Monard.
1207 1823 1368 1858 Quoerenti
1387 1823 1432 1854 D.
1460 1823 1557 1854 Voss,
1580 1831 1665 1853 scru-

206 1863 409 1895 nuth—566
432 1865 525 1895 Unus
552 1866 641 1897 Mor.
671 1866 734 1897 Vix
759 1870 836 1897 tam.
864 1865 1015 1896 nonnulli
1042 1865 1235 1897 Nom—568
1259 1866 1328 1896 Pro
1363 1865 1449 1897 Vivit
1471 1875 1554 1896 nnus
1570 1864 1666 1896 Med.

207 1904 292 1943 Ibat,
310 1906 399 1946 quod
430 1907 586 1939 Latinius
603 1913 703 1949 putat
728 1909 846 1939 Burm.
869 1909 963 1939 Tunc
988 1907 1119 1948 Tanaq.
1144 1908 1256 1939 Faber
1282 1917 1371 1939 corr.
1397 1909 1527 1938 violente
1538 1917 1667 1948 proc.—

207 1951 270 1976 569
294 1948 362 1979 Alii
377 1959 442 1980 sum
457 1951 719 1989 potienda.—57l
745 1952 839 1982 Unus
855 1950 976 1981 Heins-
999 1951 1330 1990 thalamusque.—573
1355 1950 1591 1981 Parenthesim
1608 1949 1664 1980 hic

209 1989 363 2022 adhibuit
394 1992 511 2024 Const.
528 1994 674 2024 Fanens.
688 1993 816 2024 delevit
832 1993 988 2031 Bothius‚
1009 1999 1250 2033 comparatque
1267 2002 1331 2023 vn.
1353 1995 1536 2023 573.—-574
1559 1992 1666 2022 Bero-

208 2031 266 2061 liu.
306 2033 377 2064 Ven.
406 2036 438 2065 in
466 2036 603 2068 lz.—575
629 2037 785 2069 Qnatuor
815 2036 949 2067 Venerat
978 2035 1079 2075 HIpp.
1108 2035 1242 2066 Vivian.
1271 2034 1495 2075 afficite—⁴577
1520 2034 1665 2067 Plurimi

867 2142 899 2172 N
906 2140 1007 2172 0¹1¹AE

251 2216 311 2245 565
336 2214 504 2254 Atalanta]
543 2214 630 2245 Haee
658 2214 812 2245 Schoenei
843 2212 909 2245 fuit
963 2218 1090 2255 quanto
1126 2215 1238 2246 studio
1269 2218 1457 2246 monstrum
1487 2214 1664 2247 vitandum

209 2264 290 2303 filia,
317 2274 511 2306 quanquam
542 2274 617 2295 curn
643 2265 708 2295 alia
734 2265 829 2297 Jasci
861 2264 909 2295 ita
963 2264 1007 2295 sit
1033 2274 1074 2295 ex
1103 2265 1321 2306 Hippomene
1349 2264 1550 2304 cognoscis:
1574 2270 1612 2296 ut
1636 2266 1664 2297 si

208 2313 435 2346 confuderunt
449 2321 616 2355 auctores,
632 2321 669 2347 ut
682 2315 791 2346 utrius
803 2314 908 2346 fuerit
963 2316 1080 2346 eadem
1106 2317 1219 2356 puella
1233 2315 1295 2347 tibi
1314 2315 1428 2356 potius
1448 2325 1507 2356 pro
1533 2316 1662 2348 virtute

208 2363 348 2396 difficile
360 2364 403 2396 sit
421 2374 639 2406 cognoscere.
962 2366 1142 2406 habeatur,
1173 2367 1292 2398 eadem
1327 2376 1393 2407 qua
1427 2366 1662 2406 Hippomenes

252 2417 315 2445 566
338 2415 380 2445 Te
405 2415 472 2455 ipsa
493 2415 626 2455 carebis]
660 2416 747 2448 Quia
771 2416 803 2446 in
829 2416 906 2446 leae-
963 2417 1153 2457 alacritate,
1177 2427 1242 2448 non
1270 2416 1453 2447 minoribus
1481 2415 1665 2458 laboribus,

208 2472 284 2494 nam
311 2468 460 2496 mutata:
484 2476 560 2496 cum
588 2466 726 2506 insuper
757 2475 822 2496 non
852 2466 908 2496 ad-
960 2467 1034 2507 pari
1050 2467 1241 2498 divitiarum
1264 2471 1449 2504 contemtu,
1467 2476 1662 2507 comparan-

209 2513 344 2545 modum
362 2516 413 2546 sui
437 2516 524 2556 juris
548 2526 621 2547 esse
645 2516 802 2547 videatur
818 2526 905 2557 quae-
960 2516 1036 2547 dam
1063 2528 1135 2549 esse
1163 2517 1343 2557 intelligas,
1359 2517 1385 2548 si
1403 2517 1548 2557 denique
1567 2517 1601 2548 in
1617 2518 1662 2549 vi-

209 2573 354 2605 cumque
370 2575 447 2596 cum
463 2567 607 2607 conjuge
619 2567 789 2607 jungitur.
962 2577 1034 2597 rum
1056 2566 1179 2599 fortem
1206 2567 1351 2599 evadere
1376 2569 1483 2608 cupis.
1534 2568 1661 2601 Quam-

252 2617 313 2645 567
338 2615 430 2646 Sorte
445 2616 525 2657 Dei]
550 2617 714 2656 Apollinis
731 2626 906 2657 responso.
961 2616 1077 2648 obrem
1095 2628 1173 2649 vero
1190 2619 1232 2649 ad
1251 2618 1395 2650 salutem
1411 2617 1548 2658 segnius
1560 2628 1662 2660 quam

253 2667 314 2696 578
342 2666 383 2697 Ut
410 2667 503 2708 cidit]
535 2667 569 2698 Si
597 2667 709 2708 itaque
736 2676 797 2708 per
826 2666 907 2697 Ata·
960 2666 1003 2698 ad
1020 2668 1159 2699 exitium
1177 2668 1353 2710 quisquam
1366 2666 1564 2699 festinaret?

210 2716 335 2747 lautam
354 2717 562 2759 voluptatem
583 2715 765 2758 significari
790 2716 909 2759 libeat,
