1831 3023
251 197 362 238 1104
733 207 771 236 P.
805 204 963 235 ovum
996 182 1210 235 NAsoms

250 300 323 342 Ex
342 313 451 342 auro
469 313 627 349 ramos,
648 312 704 341 ex
725 312 830 341 auro
850 311 986 353 poma
1006 299 1219 351 tegebant.

252 367 448 421 Hospes,
471 369 532 408 ait
551 368 736 408 Perseus
756 367 836 416 illi,
859 380 936 407 seu
956 366 1094 418 gloria
1112 366 1248 419 tangit

251 433 317 474 Te
333 435 498 486 generis
519 435 667 487 magni
685 449 694 476 ;
725 434 892 487 generis
913 433 1019 472 mihi
1040 432 1214 487 Jupiter
1235 436 1387 474 auctor
1404 447 1413 473 :

253 499 356 541 Sive
377 514 424 541 es
444 501 621 541 mirator
639 514 796 549 rerum,
817 500 1026 540 mirabere
1046 504 1232 541 nostras.
1614 499 1700 540 640

253 566 515 620 Hospitium
536 569 817 620 requiemque
837 571 955 619 peto.
1017 566 1186 606 Memor
1206 567 1276 606 ille
1293 569 1477 607 vetustae

253 633 392 676 Sortis
413 639 527 676 erat:
559 634 753 685 (Themis
772 635 883 674 hanc
905 633 1078 674 dederat
1103 634 1342 674 Parnassia
1362 637 1521 674 sortem
1536 631 1571 687 z)

252 700 463 754 Tempus,
486 700 603 750 Atla,
625 701 782 750 veniet,
805 705 879 740 tua
900 712 986 752 quo
1009 700 1270 752 spoliabitur
1293 713 1398 740 auro

254 765 420 808 Arbor:
454 772 494 808 et
513 769 627 808 hunc
649 767 812 820 praedae
833 766 1006 807 titulum
1021 766 1132 807 Jove
1150 773 1281 807 natus
1303 767 1497 808 habebit.

256 832 312 873 Id
327 839 537 884 metuens,
560 834 714 874 solidis
736 834 932 887 pomaria
952 834 1167 873 clauserat
1187 832 1314 874 Atlas
1621 830 1708 871 645

256 898 499 950 Moenibus,
520 905 560 941 et
581 906 710 942 vasto
731 901 906 941 dederat
927 900 1140 941 servanda
1161 900 1359 939 draconi:

256 964 538 1020 Arcebatque
561 969 652 1007 suis
674 971 873 1008 externos
893 967 1051 1007 finibus
1071 981 1234 1007 omnes.

258 1031 381 1072 Huic
403 1047 592 1086 quoque,
610 1034 735 1075 Vade
756 1036 925 1087 procul,
946 1048 1000 1075 ne
1020 1036 1142 1087 longe
1165 1035 1301 1086 gloria
1320 1046 1479 1083 rerum,

258 1096 383 1146 Quas
402 1100 613 1148 mentiris,
634 1102 709 1148 ait,
727 1103 852 1152 longe
876 1103 957 1141 tibi
975 1102 1151 1154 Jupiter
1173 1102 1299 1142 absit.

257 1163 452 1217 Vimque
473 1165 602 1205 minis
623 1166 748 1205 addit
765 1181 773 1206 :
804 1167 1058 1219 foribusque
1079 1168 1294 1220 expellere
1320 1169 1458 1206 tentat
1627 1163 1713 1204 650

256 1299 346 1330 poma
360 1299 453 1319 aurea
469 1289 619 1318 ornabant
633 1298 734 1318 ramos
749 1298 866 1318 aureos.
916 1289 1045 1328 Hospes,
1061 1289 1162 1327 inquit
1176 1290 1225 1317 illi
1249 1290 1394 1326 Perseus,
1408 1299 1462 1319 seu
1475 1288 1579 1328 gloria
1592 1298 1716 1328 mag-nce

259 1331 390 1370 originis
406 1334 435 1361 te
456 1334 567 1368 moret,
589 1331 718 1370 Jupiter
734 1334 779 1360 est
800 1333 907 1360 auctor
922 1340 995 1360 mese
1010 1330 1143 1369 originis
1151 1340 1161 1365 ;
1186 1340 1237 1359 seu
1252 1339 1283 1359 es
1298 1330 1470 1360 admirator
1484 1340 1600 1370 rerum,
1615 1331 1715 1363 admi-

260 1374 378 1406 raberis
391 1376 511 1404 nostras
523 1384 532 1402 :
553 1382 641 1413 posco
655 1372 824 1412 hospitium
835 1375 865 1402 et
877 1372 1018 1412 quietem.
1064 1373 1123 1403 Ille
1138 1372 1355 1402 recordabatur
1367 1372 1489 1412 antiqui
1497 1372 1586 1409 sati:
1611 1373 1717 1413 (Tite-

261 1416 322 1446 mz's
339 1416 508 1446 Parnassia
533 1416 587 1445 hoc
604 1415 713 1453 falum
729 1418 911 1454 aper11e⁷·at;:
916 1415 936 1452 )
958 1415 1045 1453 Atia,
1071 1415 1137 1445 dies
1157 1414 1270 1452 aderit,
1286 1424 1342 1454 quo
1359 1414 1449 1444 arbor
1464 1417 1518 1445 tua
1534 1415 1719 1445 destituetur

261 1468 360 1488 auro:
384 1461 414 1488 et
424 1457 515 1499 filius
530 1458 617 1487 Jovis
633 1460 831 1497 consequetur
856 1458 976 1487 laudem
999 1457 1094 1497 rapti.
1140 1457 1232 1487 Atlas
1246 1457 1278 1487 id
1292 1466 1406 1496 parens
1421 1457 1563 1487 cinxerat
1576 1457 1717 1496 pomaria

252 1500 362 1541 firmis
377 1501 485 1536 muris,
501 1503 529 1530 et
545 1501 718 1531 tradiderat
744 1499 938 1529 custodienda
955 1500 1074 1537 ingenti
1091 1499 1238 1533 draconi,·
1263 1502 1293 1529 et
1313 1499 1494 1539 prohibebat
1517 1508 1618 1530 omnes
1629 1509 1717 1539 pere-

259 1543 370 1581 grinos
385 1543 450 1572 suis
454 1542 585 1583 finibus.
632 1542 732 1572 szit
749 1552 863 1581 quoqne
878 1542 960 1579 huic,
979 1542 1123 1579 Discede,
1151 1552 1187 1572 ne
1209 1541 1312 1579 gloria
1335 1551 1449 1580 rerum,
1472 1551 1545 1580 quas
1559 1541 1672 1582 fingis,
1687 1545 1719 1572 te

262 1584 425 1625 destituat,
439 1595 481 1615 ne
497 1585 625 1625 Jupiter
641 1584 698 1615 tibi
712 1585 751 1615 sit
768 1585 865 1623 longe.
910 1585 1014 1624 Atque
1031 1584 1060 1614 υἱ
1076 1588 1168 1623 auget
1184 1585 1298 1623 mirum,
1311 1587 1341 1614 et
1357 1584 1472 1614 nititur
1495 1583 1605 1622 ejicere
1620 1584 1718 1627 valvis

878 1668 1110 1680 eeeeeeeeeee

265 1722 516 1752 nitentes.——637
542 1721 608 1751 Alii
630 1730 719 1760 poma
739 1720 899 1759 gerebant,
917 1721 971 1750 vel
991 1720 1160 1757 ferebant;
1189 1724 1224 1750 at
1239 1720 1410 1758 meliores,
1437 1723 1526 1751 teste
1539 1718 1659 1751 Heius.
1676 1721 1720 1749 te-

263 1763 496 1801 gebant.—738
520 1763 625 1793 Gron.
655 1768 690 1793 et
715 1763 768 1792 alii
793 1772 845 1792 seu
866 1763 1093 1800 gratiae—645
1119 1764 1186 1793 Pro
1205 1764 1355 1792 clauserat
1373 1762 1548 1793 Mediceus
1568 1762 1720 1793 chartac.

267 1813 308 1835 ex
336 1804 518 1835 veterrimo
545 1804 736 1843 descriptus
765 1808 946 1843 carpserat,·
972 1804 1089 1834 Heius.
1118 1805 1208 1844 conj.
1234 1806 1490 1843 sepserat.—646
1513 1803 1605 1835 Olim
1620 1802 1720 1834 edeb.

266 1846 430 1884 montibus,
447 1846 536 1886 quod
554 1845 689 1877 Ciofan.
706 1855 748 1876 ex
766 1856 830 1876 uno
848 1855 907 1876 suo
925 1846 1069 1876 mutavit
1086 1847 1119 1876 in
1144 1846 1299 1876 moenibus.
1345 1845 1441 1876 Idem
1467 1849 1586 1886 postea
1601 1843 1722 1876 confir-

266 1894 401 1919 marunt
417 1889 531 1927 plures
559 1889 678 1920 HeinS.
695 1889 729 1918 in
757 1888 876 1928 quibus
895 1888 1018 1919 tertius
1043 1888 1136 1919 Med.
1165 1892 1200 1919 et
1230 1893 1372 1928 uterque
1388 1887 1517 1919 Erfurt.
1534 1888 1720 1928 Schepper.

267 1931 356 1970 conj.
373 1930 503 1960 molibus
531 1935 673 1970 propter
700 1940 748 1960 vs.
770 1933 843 1961 772.
866 1930 1021 1959 Theatin.
1048 1931 1184 1969 Fragm.
1207 1931 1332 1960 dederat
1351 1932 1594 1961 servare.—-648
1616 1929 1721 1960 Multi

269 1972 478 2003 Codd.Hinc
493 1982 631 2011 quoqueg
656 1977 691 2002 et
717 1972 766 2001 ita
792 1971 901 2001 edidit
918 1972 1046 2002 Bersm.
1076 1973 1144 2002 Neu
1168 1972 1256 2010 louge
1280 1972 1381 2002 etiam
1407 1971 1611 2003 Leid.—650
1635 1971 1723 2002 Fori-

267 2013 377 2054 husque
393 2013 525 2045 sehedae
540 2014 776 2046 vetustissimae
792 2013 943 2045 Tlreatin.
971 2014 1101 2053 Romae,
1118 2018 1152 2044 et
1170 2024 1220 2054 pr.
1246 2014 1377 2044 Bonon.
1411 2014 1497 2054 vulg.
1514 2014 1721 2055 manibusque.

923 2118 1061 2149 NOTAE

312 2195 374 2224 637
398 2192 511 2232 Poma]
538 2192 778 2233 Hesperidum,
793 2203 866 2233 quae
885 2193 967 2224 Hes·
1023 2194 1182 2233 edidisse,
1218 2194 1371 2235 quodque
1410 2193 1460 2225 fas
1496 2192 1601 2224 fuerit
1636 2202 1723 2234 prae-

271 2242 345 2283 peri
382 2241 458 2272 filiae
489 2242 630 2273 fuerunt
664 2242 777 2274 fratris
806 2243 967 2281 Atlantis,
1024 2245 1165 2284 cepisse,
1180 2243 1321 2275 fabulati
1335 2248 1424 2275 sunt.

270 2291 372 2323 fuisse
385 2296 419 2322 et
432 2301 529 2331 poma
544 2293 615 2322 haec
629 2297 663 2323 et
674 2294 805 2323 hortum
816 2294 969 2334 plerique
1064 2297 1128 2325 644
1152 2295 1197 2325 Et
1212 2295 1305 2335 hunc]
1344 2294 1510 2325 Hercules
1531 2302 1612 2323 vero
1626 2293 1723 2324 Jovis

272 2341 503 2373 tradiderunt:
529 2351 656 2382 perque
679 2352 720 2373 ea
748 2343 835 2373 mala
863 2343 970 2374 Citria
1024 2343 1111 2374 filius
1138 2353 1237 2384 poma
1258 2345 1316 2375 illa
1330 2343 1453 2385 rapuit,
1474 2347 1512 2374 ut
1535 2352 1577 2374 ex
1599 2342 1723 2374 fabulis

272 2391 325 2421 vel
347 2391 486 2421 Medica
519 2393 681 2430 nonnulli,
705 2402 782 2423 oves
800 2392 869 2432 alii,
894 2402 968 2433 qua.¹
1024 2394 1244 2425 notissimum.

271 2439 391 2472 eodem
407 2441 540 2471 nomine
555 2441 642 2480 μήλῳ
657 2442 778 2473 Graece
801 2443 973 2483 appellan-
1068 2446 1130 2474 646
1145 2443 1298 2483 Draconi]
1310 2443 1456 2474 Ladonis
1469 2442 1613 2482 nomine,
1623 2450 1723 2482 quem

275 2492 972 2533 tur‚quidamaurifodinas‚intellexerunt.
1024 2492 1161 2524 fluvium
1178 2504 1233 2525 seu
1256 2493 1377 2524 fossam
1400 2493 1527 2524 circum
1548 2492 1662 2522 hortos
1690 2490 1727 2522 in

317 2544 379 2573 640
403 2543 556 2582 Mirator]
584 2544 724 2584 Optime
738 2553 817 2575 vero
834 2553 973 2575 arcano·
1026 2544 1195 2584 serpentis
1230 2543 1364 2574 modum
1395 2543 1530 2573 ductam
1559 2542 1728 2581 interpre-

275 2602 348 2622 rum
371 2597 499 2624 naturae
526 2599 749 2626 scrutatorem
774 2595 973 2626 curiositate
1026 2597 1152 2624 tantur.

278 2642 392 2673 studet
409 2653 633 2675 commovere.
1070 2646 1133 2674 648
1161 2644 1207 2674 Ne
1227 2643 1329 2682 longe]
1367 2641 1533 2683 Adeoque
1563 2639 1723 2673 adversus

318 2696 380 2724 642
407 2693 542 2733 Themis]
586 2694 671 2725 Coeli
695 2698 730 2726 et
752 2695 868 2726 Terrae
893 2694 974 2735 filia,
1027 2692 1177 2724 Atlantis
1193 2693 1355 2734 impetum
1369 2692 1511 2724 inutilis.

279 2752 377 2787 quam
395 2747 473 2775 ante
482 2742 675 2786 Apollinem
686 2745 828 2787 Delphis
840 2746 976 2776 oracula
