1831 3023
192 262 306 304 1626
678 273 719 302 P.
751 269 909 299 ovum
941 268 1153 299 Nasoms

199 366 343 421 thue
361 378 631 407 recenserem
651 364 851 417 captivos
871 363 1023 405 ordine
1041 366 1205 417 pisces,

194 434 384 487 Insuper
400 432 601 485 exposui,
623 443 735 485 quos
754 436 830 472 aut
849 431 893 470 in
913 431 1023 471 retia
1042 444 1186 480 casus,

192 499 285 542 Aut
301 514 381 541 sua
403 499 635 540 credulitas
654 499 701 538 in
722 499 917 539 aduncos
937 501 1086 549 egerat
1104 499 1271 539 hamos.

194 567 286 608 Res
309 567 462 607 similis
483 566 598 607 fictae
616 579 625 607 t
656 566 755 620 (sed
779 566 884 620 quid
907 567 1011 607 mihi
1032 566 1188 619 fingere
1207 565 1390 620 prodest
1406 562 1447 616 Ἰ)
1542 557 1646 604 '9535

193 633 398 675 Gramine
417 636 621 673 contacto
644 633 783 686 coepit
802 645 897 673 mea
915 633 1068 686 praeda
1087 634 1264 681 moveri,

194 700 250 741 Et
269 704 436 740 mutare
455 699 585 748 latus,
608 704 823 753 terraque,
844 703 893 741 ut
912 700 958 740 in
979 713 1169 753 aequore,
1189 701 1279 741 niti.

194 767 399 820 Dumque
421 779 580 817 moror,
603 768 820 817 mirorque
843 767 989 814 simul,
1010 766 1120 820 fugit
1140 767 1280 808 omnis
1301 767 1344 806 in
1366 765 1506 806 undas

191 833 342 874 Turba
363 846 466 874 suas
485 847 494 874 ε
526 833 838 882 dominumque
855 842 1016 869 novum
1036 829 1243 882 littusque
1263 833 1516 884 relinquunt.

193 898 439 953 Obstupui:
472 898 717 950 dubiusque
736 897 827 946 diu,
847 908 945 950 quae
968 908 1121 945 causa,
1142 896 1317 948 requiro
1336 909 1345 936 :
1563 896 1649 937 940

193 965 316 1007 Num
342 964 459 1005 Deus
479 964 562 1005 hoc
585 964 762 1017 aliquis,
778 976 879 1004 num
902 975 1064 1004 succus
1084 962 1237 1004 fecerit
1256 962 1420 1003 herbae.

194 1030 308 1082 Quae
330 1035 475 1072 tamen
494 1032 589 1080 has,
611 1031 806 1084 inquam,
826 1031 942 1071 vires
963 1029 1095 1071 habet
1114 1030 1275 1070 herba?
1306 1041 1525 1081 manuque

192 1098 370 1140 Pabula
392 1099 611 1152 decerpsi,
633 1098 925 1151 decerptaque
944 1097 1069 1137 dente
1087 1096 1318 1137 momordi.

193 1165 288 1207 Vix
309 1167 417 1207 bene
439 1167 743 1207 combiberant
761 1165 935 1217 ignotos
956 1168 1127 1217 guttura
1145 1176 1328 1205 succos:

195 1232 307 1274 Cum
330 1233 474 1274 subito
493 1233 716 1287 trepidare
735 1233 851 1272 intus
871 1231 1120 1286 praecordia
1139 1231 1258 1271 sensi
1274 1244 1284 1281 3
1567 1227 1653 1269 945

195 1299 478 1354 Alteriusque
497 1301 595 1354 rapi
615 1304 781 1341 naturae
803 1304 958 1353 pectus
980 1312 1142 1340 amore.

195 1367 294 1408 Nec
315 1369 444 1421 potui
463 1373 623 1408 restare
643 1368 768 1409 loco:
802 1367 1148 1421 Repetendaque
1168 1378 1389 1419 nunquam

193 1434 345 1484 Terra,
365 1435 479 1484 vale,
501 1435 612 1485 dixi,
635 1447 883 1489 corpusque
906 1435 987 1475 sub
1009 1447 1188 1488 aequora
1208 1434 1353 1474 mersi.

196 1501 258 1542 Di
278 1502 412 1541 maris
431 1505 668 1554 exceptum
691 1503 814 1542 socio
832 1501 1057 1554 dignantur
1073 1501 1237 1542 honore
1256 1515 1264 1540 :

197 1568 346 1620 thue
367 1567 485 1616 mihi,
508 1579 799 1620 quaecumque
817 1568 970 1617 feram,
988 1568 1189 1608 mortalia
1208 1567 1397 1617 demant,
1571 1566 1657 1608 950

196 1724 299 1765 Atque
316 1728 349 1756 ut
362 1734 556 1755 numerarem
576 1723 758 1763 singulatim
779 1724 878 1764 pisces
888 1727 1006 1763 captos,
1021 1724 1144 1764 insuper
1155 1723 1281 1763 exposui
1292 1733 1364 1764 quos
1378 1725 1432 1754 aut
1438 1722 1510 1761 fors
1524 1724 1659 1754 drexerat

196 1768 228 1798 in
244 1768 338 1806 retia,
364 1771 418 1798 aut
433 1778 488 1798 sua
504 1768 668 1798 credulitas
684 1767 716 1797 in
731 1776 839 1797 curtos
855 1766 968 1797 hamos.
1015 1766 1079 1796 Res
1101 1767 1212 1797 similis
1226 1766 1342 1805 salsae:
1365 1775 1471 1797 verum
1494 1766 1567 1806 quid
1592 1775 1660 1796 mea

194 1809 293 1848 refert
301 1810 416 1848 fallere
428 1808 444 1841 ί)
488 1809 597 1840 Herba
623 1812 763 1840 contacta
780 1819 845 1839 mea
865 1809 973 1849 proeda
988 1808 1080 1849 coepit
1107 1810 1232 1847 moveri,
1252 1812 1342 1849 atque
1363 1808 1489 1839 exsilire
1504 1809 1535 1839 in
1550 1808 1660 1846 latera,

195 1856 227 1883 et
241 1853 354 1883 micare
368 1853 401 1883 in
417 1856 503 1884 terra
519 1853 597 1883 sicut
615 1852 647 1882 in
669 1852 760 1882 mari.
807 1852 950 1891 Dumque
966 1861 1084 1891 maneo,
1100 1855 1128 1882 et
1148 1852 1241 1883 simul
1254 1855 1371 1892 stupeo,
1386 1851 1482 1882 omnis
1496 1851 1660 1881 multitudo

192 1895 370 1935 prorumpit
393 1896 426 1926 in
449 1905 545 1935 aquas
573 1905 656 1933 suas,
677 1899 768 1935 atquc
792 1895 936 1924 deserunt
952 1904 1063 1925 nouum
1084 1894 1237 1924 dominum
1251 1904 1318 1924 eum
1334 1894 1448 1924 littore.
1496 1892 1662 1933 Obstupui,

195 1940 287 1978 atque
303 1938 357 1968 diu
374 1937 510 1969 incertus
524 1940 674 1978 perpendo
687 1948 753 1977 quoe
766 1946 858 1968 causa
871 1947 883 1973 ;
899 1946 971 1967 num
987 1937 1074 1967 Deus
1088 1936 1210 1976 aliquis,
1223 1947 1294 1967 num
1313 1946 1419 1967 succus
1437 1935 1592 1974 graminis
1606 1935 1660 1966 hoc

192 1980 391 2021 praestiterit.
424 1981 514 2016 Quod
530 1984 632 2011 tamen
646 1990 787 2018 gramen,
802 1979 885 2015 dixi,
897 1980 994 2020 pollet
1005 1979 1053 2010 his
1074 1977 1217 2010 viribus?
1239 1982 1328 2019 atque
1344 1980 1449 2009 revelli
1467 1978 1576 2009 herbas
1595 1987 1659 2009 ma-

196 2032 252 2061 nu,
268 2025 298 2053 et
314 2024 404 2053 dente
420 2023 569 2053 momordi
584 2023 730 2053 revulsas.
781 2022 843 2053 Vix
861 2022 971 2060 fauces
990 2022 1067 2052 satis
1082 2023 1322 2060 degustaverunt
1344 2031 1446 2051 succos
1473 2021 1661 2061 inexpertos,

196 2075 264 2096 cum
279 2066 386 2096 statim
401 2066 483 2096 sensi
498 2066 614 2096 viscera
630 2065 716 2096 intus
730 2065 838 2103 salire,
866 2067 896 2095 et
921 2074 974 2094 cor
999 2063 1088 2103 tangi
1105 2074 1206 2095 amore
1230 2064 1358 2095 alterius
1373 2067 1504 2094 uaturoe.
1553 2063 1660 2102 Neque

193 2108 284 2147 potui
298 2109 460 2139 consistere
475 2108 508 2138 in
524 2109 586 2138 loco
597 2119 607 2139 .·
620 2111 712 2148 atque
728 2108 810 2146 dia-i,
828 2107 939 2147 Tellus,
952 2117 1105 2147 nunquam
1114 2108 1263 2146 adeunda,
1278 2108 1346 2137 vale
1358 2116 1369 2142 ,·
1384 2111 1413 2137 et
1425 2106 1538 2137 immisi
1553 2114 1662 2144 corpus

196 2150 254 2180 sub
268 2151 377 2182 maria.
423 2151 484 2182 Dii
496 2150 591 2181 maris
604 2152 749 2181 decorant
762 2155 923 2190 exceptum
938 2150 1050 2181 honore
1062 2149 1211 2180 commum·
1224 2160 1233 2179 .·
1255 2152 1285 2179 et
1297 2152 1387 2179 orant
1401 2149 1554 2178 Oceanum
1566 2151 1660 2186 atque

200 2192 321 2231 Tethyn
344 2196 379 2224 ut
396 2193 473 2224 mihi
487 2192 631 2231 auferant
645 2193 749 2224 omnia
770 2203 839 2233 quae
852 2193 981 2224 habeam
1006 2192 1100 2223 morti
1114 2191 1255 2222 obnoxia.
1301 2192 1371 2228 Ego
1384 2199 1502 2229 purgor
1522 2188 1560 2219 ab
1575 2189 1662 2224 illim

809 2273 1044 2287 eeeeeeeeeeee

200 2347 304 2376 -931
322 2343 391 2375 Alii
406 2344 462 2375 lin.
475 2343 634 2374 manantia
645 2345 831 2374 saca—933
843 2344 933 2374 Mor.
950 2349 986 2375 et
1000 2343 1040 2374 A.
1065 2345 1217 2383 Desuper.
1242 2342 1385 2374 Plurimi
1402 2343 1504 2375 etiam
1520 2343 1662 2383 imposui.

200 2390 307 2418 —936
331 2387 390 2418 Pr.
418 2387 564 2417 Strozzae
584 2387 753 2417 Gramineo
770 2389 855 2417 tactu
869 2389 1052 2426 cam—937
1080 2387 1197 2417 Heius.
1213 2386 1346 2426 recepit
1361 2389 1485 2417 mutare
1500 2395 1542 2417 ex
1559 2386 1609 2417 Fl.
1624 2386 1659 2418 S.

200 2429 325 2469 Marci,
342 2429 387 2460 N.
403 2433 484 2460 tert.
500 2434 536 2459 et
549 2434 658 2470 quart.
670 2428 765 2459 Med.
784 2428 827 2460 Ο.
846 2438 896 2469 pr.
915 2429 1000 2459 Mor.
1017 2427 1146 2459 Arund.
1163 2429 1306 2468 aliisque
1324 2428 1478 2468 plurimis
1493 2437 1555 2468 pro
1569 2429 1658 2469 vulg.

198 2474 432 2503 motura—939
453 2471 519 2502 Pro
533 2481 642 2501 novum
655 2476 799 2512 quatuor
811 2471 889 2501 libri
906 2481 1003 2502 suum.
1022 2471 1116 2501 Leid.
1127 2471 1247 2511 littusq.
1271 2472 1450 2507 revolvunt;
1465 2470 1657 2502 octodecim

200 2514 349 2554 relinquit
363 2525 374 2550 ,·
403 2519 480 2544 octo
494 2514 738 2553 reliquit.—940
761 2514 862 2553 Vulg.
879 2514 1043 2553 dubitoque
1059 2514 1112 2544 diu
1128 2523 1309 2553 causamque
1320 2522 1386 2553 req.
1433 2512 1472 2543 ln
1483 2514 1526 2543 V.
1537 2517 1571 2544 et
1589 2513 1660 2553 qui-

201 2557 344 2588 busdam
360 2554 490 2587 Ciofau.
513 2556 652 2596 dubiusq.
668 2555 743 2593 fui:
769 2554 834 2586 duo
856 2557 1019 2596 dubitoque
1039 2557 1138 2596 prius,
1164 2561 1200 2586 et
1213 2556 1301 2587 Mor.
1315 2556 1417 2586 simul.
1435 2554 1554 2586 Heius.
1570 2555 1658 2596 conj.

205 2599 294 2630 Obst.
309 2598 479 2638 subitaque
493 2598 540 2628 rei
555 2608 622 2638 (μια-
637 2607 727 2628 causa
750 2598 872 2638 requiro
887 2610 897 2634 ;
933 2600 982 2629 vel
1009 2598 1188 2639 dubiusque,
1199 2597 1292 2637 fugae
1313 2607 1380 2637 quae
1403 2607 1496 2628 causa
1520 2600 1656 2629 r.—941

202 2642 445 2682 Castigatiores
461 2641 534 2676 hoc,·
559 2641 649 2680 vulg.
667 2640 743 2670 hoec.
768 2640 905 2671 Deinde
924 2642 955 2671 in
985 2650 1051 2671 uno
1080 2641 1210 2672 Ciofan.
1239 2650 1278 2671 ac
1306 2639 1438 2671 duobus
1453 2640 1498 2671 V.
1517 2649 1559 2670 an
1577 2648 1659 2671 succ.

201 2687 308 2715 -942
333 2684 391 2714 Pr.
407 2684 555 2714 Snozzae
571 2688 607 2714 et
622 2683 771 2724 quinque
788 2683 844 2713 alii
872 2684 959 2718 Quas
975 2688 1049 2714 tam.
1075 2684 1139 2714 hoec
1163 2684 1336 2723 inq—944
1360 2683 1439 2713 Duo
1455 2681 1547 2713 Med.
1563 2681 1658 2713 comb-

201 2726 328 2765 ignaros
342 2728 532 2764 gum—945
556 2726 635 2756 Bas.
651 2731 686 2756 et
704 2726 789 2756 alius
806 2729 987 2765 trep.ratus
1011 2736 1105 2765 proec.
1129 2725 1244 2756 Heius.
1271 2724 1358 2766 conj.
1385 2727 1478 2757 metu.
1521 2724 1658 2755 Deinde

204 2773 285 2799 tert.
302 2769 433 2800 Bonou.
449 2779 515 2799 mea
526 2772 650 2808 pectora
665 2771 852 2799 sens.—-947
875 2768 956 2799 Loco
973 2768 1066 2798 dedit
1081 2768 1200 2800 Heius.
1216 2777 1259 2798 ex
1275 2772 1355 2798 tert.
1370 2766 1466 2798 Med.
1482 2775 1545 2806 pro
1568 2767 1658 2806 vulg.

203 2811 381 2843 dim—948
403 2812 542 2851 AEquora
560 2820 602 2842 ex
630 2810 845 2850 melioribus3
881 2811 972 2851 vulg.
996 2812 1237 2850 ‹equora—949
1259 2809 1388 2842 Decem
1414 2808 1491 2841 libri
1519 2818 1597 2841 mar.
1612 2819 1663 2841 ac.
