1831 3023
178 218 293 259 1402
663 228 701 258 P.
733 226 894 256 ovmu
927 222 1138 254 NAsoms

180 323 326 365 Passa
342 323 500 363 bovem
520 326 617 363 est:
648 324 692 361 et
712 325 822 368 erat,
846 318 918 370 qui
941 316 1226 368 deciperetur,
1247 315 1431 357 adulter.

182 390 288 432 Huc
309 390 410 430 licet
429 403 453 429 e
474 393 565 430 toto
592 388 769 428 solertia
788 383 981 425 confluat
1001 382 1121 432 orbe,
1428 418 1436 426 ‚
1543 382 1629 423 '740

181 457 286 511 Ipse
306 458 409 497 licet.
429 456 597 496 revolet
617 453 776 493 ceratis
799 449 1013 490 Daedalus
1035 449 1142 501 alis3

183 524 306 576 Quid
327 524 486 564 saciet?
517 533 618 560 num
638 532 707 558 me
730 530 907 570 puerum
927 517 980 558 de
1001 518 1162 571 virgine
1183 518 1326 560 doctis

181 591 362 632 Artibus
384 587 570 628 efficiet?
602 598 703 625 num
724 589 765 625 te
786 585 987 634 mutabit,
1010 585 1196 626 Ianthe?

180 658 300 710 ¹Quin
319 657 505 696 animum
531 652 696 702 firmas,
720 658 848 706 teque
868 653 968 706 ipsa
986 653 1221 706 recolligis,
1244 653 1375 706 Iphi;

184 722 451 774 Consiliique
471 721 624 773 inopes
645 724 688 760 et
708 720 866 760 stultos
889 721 1062 760 excutis
1080 721 1238 772 ignes?
1549 717 1634 759 745

185 789 304 840 Quid
325 789 384 828 sis
406 791 509 827 nata
530 787 650 827 vide:
680 786 787 841 (nisi
809 792 848 827 te
869 801 1045 841 quoque
1067 788 1236 841 decipis
1257 789 1401 842 ipsam
1416 784 1449 840 z)

184 858 242 899 Et
261 861 357 911 pete
379 855 497 908 quod
516 854 584 895 fas
602 858 693 894 est:
725 858 769 893 et
789 866 901 903 ama,
923 855 1039 906 quod
1062 854 1244 895 foemina
1264 855 1418 895 debes.

185 925 318 978 [Spes
339 927 408 964 est
428 936 526 976 quae
549 921 719 974 capiat:
751 933 854 973 spes
875 924 940 960 est
960 934 1059 973 quae
1081 925 1238 974 pascat
1258 919 1486 971 amorem]

187 991 318 1033 Hanc
339 991 417 1031 tibi
435 1002 503 1030 res
525 989 707 1031 adimit:
737 1001 823 1028 non
843 991 884 1028 te
905 987 1108 1028 custodia
1129 1000 1232 1028 caro

187 1058 325 1099 Arcet
345 1059 400 1098 ab
423 1057 643 1110 amplexu,
662 1068 744 1096 nec
765 1055 883 1096 cauti
908 1067 1013 1095 cura
1031 1055 1242 1106 magistri.
1556 1053 1642 1094 750

186 1124 293 1165 Non
313 1125 451 1178 patris
473 1124 704 1177 asperitas,
726 1135 812 1163 non
832 1135 879 1162 se
898 1124 1028 1173 negat
1045 1121 1146 1174 ipsa
1165 1121 1347 1174 roganti.

188 1191 286 1232 Nec
309 1194 453 1232 tamen
472 1197 540 1232 est
560 1190 772 1245 potiunda
792 1189 895 1230 tibi:
925 1201 1024 1238 nec,
1043 1192 1092 1228 ut
1113 1189 1259 1229 omnia
1278 1188 1400 1237 fiant,

189 1258 301 1300 Esse
319 1264 442 1313 potes
462 1258 594 1311 felix3
626 1262 673 1299 ut
695 1258 839 1311 Dique
857 1258 1144 1310 hominesque
1162 1257 1372 1298 laborent.

181 1400 360 1439 fraudibuS,
383 1404 414 1431 et
428 1401 527 1440 specie
553 1411 662 1439 caccoe,
683 1404 714 1431 et
736 1404 803 1431 erat
829 1401 954 1432 adulter
977 1400 1029 1440 qui
1049 1401 1255 1431 deluderetur.
1304 1397 1441 1430 Tametsi
1455 1396 1572 1428 astutia
1589 1395 1646 1426 huc

190 1447 353 1474 concurrat
370 1453 409 1473 ex
438 1447 500 1473 toto
516 1445 628 1474 mundo
640 1454 649 1479 ,·
673 1453 844 1483 quanquam
859 1444 923 1482 ipse
942 1443 1095 1473 Doedalus
1110 1442 1222 1472 revolet
1244 1441 1358 1473 ceratis
1371 1441 1442 1479 alis,
1457 1439 1531 1479 quid
1545 1435 1647 1477 agat?

189 1496 265 1517 num
291 1495 338 1516 me
357 1489 485 1525 proestet
510 1495 624 1516 marem
647 1487 684 1516 (Ie
698 1485 799 1526 puella
822 1485 920 1515 doctis
935 1483 1078 1516 artibus?
1100 1494 1172 1515 num
1195 1488 1226 1514 te
1247 1487 1357 1520 mutet,
1378 1479 1516 1514 Ianthe?
1561 1479 1646 1516 Quin

191 1529 318 1558 roboras
333 1531 476 1566 mentem,
492 1531 584 1567 atque
599 1532 629 1559 te
645 1528 710 1568 ipsa
725 1527 890 1566 recolligis,
907 1527 991 1567 Iphi,
1011 1531 1100 1567 atque
1123 1526 1232 1564 abjicis
1254 1535 1374 1557 amores
1397 1526 1520 1555 insanas
1541 1525 1570 1554 et
1593 1532 1647 1553 ex-

189 1573 293 1610 pertes
307 1568 450 1601 consilii?
495 1570 610 1608 Aspice
632 1571 704 1610 quid
727 1571 768 1600 sis
784 1574 877 1606 nata‚·
901 1571 962 1600 nisi
979 1569 1073 1599 etiam
1089 1570 1218 1608 teipsam
1234 1569 1314 1599 ludis
1329 1579 1340 1605 ,¹
1363 1571 1454 1608 atque
1466 1575 1554 1607 posce
1569 1565 1649 1605 quod

193 1613 314 1644 licitum
338 1616 395 1651 est,
425 1616 454 1643 et
479 1611 576 1650 dilige
594 1613 697 1652 puella
711 1614 787 1652 quod
804 1612 902 1642 debes.
948 1612 1024 1650 Spes
1039 1615 1084 1641 est
1099 1621 1166 1650 quae
1180 1611 1344 1651 concipiat,
1359 1621 1426 1651 spes
1441 1613 1488 1641 est
1501 1617 1568 1649 quae
1583 1607 1649 1638 alat

194 1665 339 1685 amorem.
386 1655 451 1685 Res
481 1655 538 1684 tibi
565 1654 643 1684 hanc
674 1655 755 1685 tollit
768 1665 777 1683 .·
799 1664 860 1684 non
874 1654 1013 1684 custodia
1028 1657 1058 1684 te
1069 1653 1211 1692 prohibet
1225 1654 1262 1683 ab
1283 1655 1440 1692 complexu
1458 1661 1540 1689 caro,
1554 1658 1650 1690 neque

194 1697 357 1728 solicitudo
372 1697 475 1727 callidi
495 1697 569 1726 viri.
617 1697 688 1726 Non
711 1696 852 1735 parentis
877 1696 1010 1734 dur-itas,
1034 1705 1093 1725 non
1119 1696 1185 1734 ipsa
1204 1705 1235 1725 se
1249 1698 1372 1726 recusat
1385 1694 1498 1725 oranti.
1543 1693 1651 1731 Neque

196 1743 298 1770 tamen
312 1741 358 1770 est
371 1739 517 1778 potienda
532 1738 591 1768 tibi
601 1748 611 1768 .·
633 1747 728 1778 neque
740 1742 828 1778 potes
843 1747 906 1768 esse
921 1738 1022 1777 beata,
1049 1737 1174 1768 tametsi
1187 1738 1291 1768 omnia
1310 1736 1465 1777 eveniant,
1485 1738 1576 1775 atque
1591 1733 1652 1766 Dii

805 1834 920 1846 ‘eece‘
926 1833 1041 1846 ‘0100‘

197 1904 294 1936 malit
323 1905 431 1935 Cretes
459 1903 579 1935 Monst.
596 1903 829 1942 ferant.—738
853 1903 976 1936 Quart.
988 1902 1083 1934 Med.
1111 1903 1143 1934 in
1159 1912 1221 1943 pro
1248 1905 1395 1935 et.—742
1418 1901 1654 1934 Heidelb.n⁰n

197 1958 269 1984 ⁷ne;
292 1951 414 1988 etseq.
444 1956 495 1978 vs.
527 1957 586 1977 non
611 1950 652 1978 te.
675 1947 788 1978 Doctis
814 1952 866 1978 est
891 1956 933 1977 ex
961 1946 1036 1978 Pal.
1063 1952 1098 1977 et
1123 1945 1235 1978 multis
1265 1946 1362 1984 aliis;
1385 1946 1478 1986 vulg.
1503 1945 1652 1982 dictis-r—

197 1992 260 2020 744
294 1989 415 2020 Heius.
447 1989 535 2030 conj.
554 1990 649 2020 anim.
675 1989 935 2030 offirmas—745
959 1989 1041 2021 Jun.
1072 1993 1107 2019 et
1133 1989 1263 2019 Bersm.
1293 1989 1361 2020 Ms.
1386 1989 1472 2019 stult.
1494 1988 1654 2026 exigis.—

198 2034 261 2062 746
288 2032 366 2063 Vide
382 2032 503 2063 Heius.
520 2032 616 2062 dedit
631 2041 674 2062 ex
691 2031 962 2072 castigatioribus
979 2040 1039 2070 pro
1057 2031 1147 2070 vulg.
1164 2031 1268 2067 videas,-
1291 2035 1327 2061 et
1343 2034 1460 2062 censet
1476 2029 1654 2070 sequentia

195 2076 266 2114 pete
283 2079 317 2104 et
332 2084 402 2104 ama
426 2074 459 2105 id
482 2073 694 2105 confirmare.
719 2075 784 2105 Sed
801 2083 844 2104 ex
866 2075 904 2104 Id
925 2077 1006 2113 pete,
1029 2074 1118 2113 quod
1135 2082 1193 2103 sex
1223 2073 1342 2112 scripti
1369 2072 1543 2109 exhibent,
1569 2071 1654 2103 facit

200 2116 329 2155 Ipete‚·
352 2116 441 2156 quod
469 2116 496 2146 si
526 2117 681 2156 recipias,
709 2116 840 2156 Gierig.
869 2120 968 2155 putat
992 2116 1082 2154 vulg.
1107 2115 1191 2145 vides
1217 2124 1314 2154 posse
1341 2115 1589 2145 servari.—748
1612 2114 1654 2145 ln

199 2158 280 2188 Bas.
305 2163 358 2188 est
380 2167 448 2197 quoe
464 2157 582 2196 faciat,
605 2158 693 2199 quod
717 2159 829 2198 placet
853 2159 1063 2197 Burmanno,
1086 2157 1285 2197 recepitque
1308 2157 1463 2188 Bothius.
1494 2156 1654 2195 Heidelb.

201 2206 237 2231 et
262 2200 319 2231 alii
341 2210 408 2240 quae
428 2200 541 2239 pascit,
566 2205 601 2230 et
631 2201 663 2230 in
689 2200 857 2230 nonnullis
880 2202 1152 2230 amantem—750
1186 2199 1300 2231 Burm.
1326 2209 1401 2230 cum
1437 2200 1493 2230 Fr.
1521 2203 1557 2230 et
1581 2198 1656 2229 aliis

202 2242 395 2273 octodecim
431 2242 587 2282 praetulit
615 2242 780 2281 magistri.-
819 2242 911 2282 vulg.
937 2242 1067 2277 maritt,·
1102 2241 1136 2272 in
1171 2251 1236 2272 uno
1266 2242 1365 2272 Voss.
1396 2241 1655 2273 ministra—752

203 2284 368 2316 Heidelb.
393 2285 468 2315 Non
494 2287 609 2316 tamen.
654 2285 696 2315 In
721 2285 822 2316 Cant.
847 2289 882 2315 et
905 2285 947 2315 R.
968 2293 1045 2315 cum
1069 2284 1199 2315 Thuan.
1223 2288 1278 2315 est
1297 2284 1450 2324 potiunda
1473 2292 1538 2325 pro
1564 2283 1654 2325 vulg.

864 2398 1004 2430 NOTAE

246 2474 310 2504 ‘139
326 2472 474 2513 Adulter]
496 2472 629 2504 Taurus
644 2482 778 2513 nempe,
794 2482 905 2514 quem,
959 2473 1140 2513 beneficio,
1155 2484 1227 2506 sese
1243 2468 1436 2507 extricavit.

204 2522 328 2563 ligneae
354 2532 481 2561 vaccae,
504 2532 522 2553 a
549 2522 695 2553 Daedalo
715 2521 905 2563 fabricatae,
1001 2527 1065 2556 746
1088 2525 1162 2556 Nisi
1178 2525 1223 2565 te]
1247 2527 1331 2558 Quae
1348 2526 1494 2558 Ianthen
1511 2526 1660 2568 decipie-

206 2581 283 2613 ope,
298 2572 429 2603 inclusa
445 2572 613 2612 Pasiphae
629 2573 762 2604 delusit.
959 2574 1030 2612 bat,
1056 2575 1120 2605 sibi
1145 2576 1212 2616 ipsi
1233 2575 1407 2616 imponere
1422 2576 1658 2608 stultissimum

249 2624 312 2654 741
327 2622 493 2663 Doedalus]
516 2623 727 2654 Decantatus
741 2624 796 2653 ille
809 2622 905 2653 faber
961 2624 1129 2664 ducebat3
1152 2635 1343 2667 quanquam
1368 2627 1564 2668 nosmetipsi
1586 2626 1661 2659 fere

206 2671 438 2713 Atheniensis,
450 2673 561 2714 quiex
574 2673 765 2714 labyrintho
779 2673 821 2704 ab
832 2674 905 2714 ipso
961 2684 1095 2716 semper
1109 2674 1268 2716 fallimus,
1294 2676 1367 2707 aliis
1393 2686 1564 2719 nunquam
1579 2677 1660 2721 quin

206 2721 389 2763 fabricato,
416 2723 449 2754 in
465 2733 530 2765 quo
557 2734 578 2754 a
602 2723 718 2755 Minoe
732 2724 908 2756 conclusus
961 2725 1058 2758 nobis
1074 2727 1167 2768 prius
1180 2726 1296 2760 fucum
1310 2726 1486 2761 faciamus.

209 2771 332 2814 suerat,
354 2782 422 2805 una
443 2782 520 2806 cum
544 2773 645 2806 Icaro
671 2773 752 2817 filio,
778 2774 907 2807 alarum
