1831 3023
525 187 995 224 MRTAMORPHOSEON
1033 189 1126 220 [AB.
1161 190 1256 221 xii.
1508 182 1618 224 1521

532 445 651 488 ΕΑΒ.
683 446 774 489 III.
835 447 1015 503 Cycnus
1035 448 1082 490 in
1101 447 1258 490 Avem.

168 557 277 588 FAMA
293 566 370 590 cum
385 565 447 598 per
460 556 576 588 orbem
595 554 778 586 Graiorum
795 555 960 588 adventus
973 555 1016 587 ad
1032 555 1293 596 expugnandum
1303 554 1406 587 Ilium
1417 554 1578 594 venisset,
1589 561 1625 588 et

210 611 244 640 in
257 610 394 642 Troade
408 610 530 642 classes
544 608 796 650 apparuissent,
810 609 938 649 primus
953 609 988 639 in
1005 618 1188 649 congressu
1202 609 1400 640 bellantium
1416 608 1625 640 Protesilaus

211 661 334 702 Iphicli
349 663 437 695 filius
448 664 491 695 ab
508 663 661 695 Hectore
676 666 730 693 est
745 662 960 693 interemtus.
989 661 1082 692 Dein
1099 662 1278 692 novissime
1291 662 1455 702 Cycnum,
1469 661 1627 703 Neptuni

210 716 327 757 tilium,
353 717 409 758 qui
436 718 529 748 nullo
558 717 625 748 telo
656 715 804 746 interimi
834 719 982 756 poterat,
1007 714 1172 755 Achilles,
1199 724 1274 746 cum
1298 715 1356 745 diu
1381 715 1415 746 iu
1437 716 1627 748 certamine

211 769 364 800 victoriae
379 770 554 801 contentio
579 773 683 809 esset,
711 773 748 800 et
771 767 898 800 frustra
924 769 958 799 in
984 778 1061 800 eum
1086 769 1157 800 tela
1173 768 1303 800 eminus
1321 769 1469 809 jaceret,
1486 769 1628 801 Menete

211 821 316 862 Lycio
333 822 425 863 prius
442 823 637 862 interemto,
649 823 770 854 stricto
785 831 865 853 ense
882 831 1103 863 persequens,
1119 822 1376 863 praecipitatum
1392 832 1495 863 supra
1509 831 1628 854 saxum

211 874 295 905 eliso
310 880 446 915 gutture
469 876 604 916 pressit.
650 875 718 907 Qui
744 875 940 916 priusquam
963 875 1168 915 spoliaretur
1185 875 1284 906 armis
1312 875 1353 906 ab
1377 885 1429 916 e0,
1446 876 1628 917 Neptunus

211 936 286 958 euin
305 937 428 968 pareus
452 929 486 960 in
509 929 683 960 volucrem
702 928 856 969 ejusdem
873 928 1018 966 nominis
1036 929 1193 968 contulit,
1216 939 1258 960 ne
1275 929 1415 961 nominis
1433 929 1628 961 aboleretur

211 981 435 1022 perpetuitas.

170 1077 423 1136 FECERAT
443 1094 540 1136 haec
562 1099 733 1146 notum,
755 1096 917 1139 Graias
940 1109 1040 1138 cum
1060 1097 1200 1138 milite
1223 1097 1325 1139 forti

176 1160 420 1203 Adventare
440 1168 581 1205 rates:
612 1177 753 1217 neque
777 1165 1086 1218 inexpectatus
1107 1166 1150 1206 in
1173 1165 1303 1205 armis
1573 1161 1632 1203 65

174 1228 331 1270 Hostis
353 1230 494 1271 adest.
557 1230 797 1272 Prohibent
818 1231 953 1282 aditu,
975 1232 1185 1285 littusque
1205 1235 1376 1272 tuentur

171 1296 338 1338 Troes:
373 1302 417 1339 et
439 1297 662 1339 Hectorea
683 1298 851 1352 primus
870 1298 1061 1339 fataliter
1079 1299 1223 1347 hasta,

174 1363 438 1415 Protesilae,
461 1366 588 1406 cadis
607 1379 616 1406 :
649 1366 974 1418 commissaque
993 1365 1149 1418 praelia
1166 1377 1323 1416 magno

175 1429 303 1472 Stant
327 1431 521 1472 Danais:
553 1432 766 1485 fortisque
787 1431 943 1472 animae
963 1443 1073 1472 nece
1094 1432 1296 1484 cognitus
1318 1430 1504 1473 Hector.

175 1495 271 1538 Nec
294 1498 492 1552 Phryges
513 1499 687 1551 exiguo,
710 1497 816 1552 quid
837 1496 1008 1539 Achaia
1028 1497 1212 1539 dextera
1231 1504 1395 1552 posset,
1578 1499 1634 1540 70

174 1563 390 1618 Sanguine
410 1570 649 1607 senserunt.
711 1565 768 1607 Et
782 1565 874 1621 jam
894 1564 1042 1619 Sigaea
1061 1566 1277 1606 rubebant

216 1690 271 1713 nx.
296 1680 376 1712 Haec
388 1682 583 1721 vulgaverat,
606 1690 697 1712 nates
723 1680 853 1712 Graecas
878 1681 982 1712 adesse
1005 1691 1072 1712 cum
1088 1682 1213 1711 strenua
1227 1690 1340 1711 manu:
1362 1690 1458 1721 neque
1473 1680 1570 1711 hostis
1586 1691 1637 1711 ac·

174 1724 255 1755 cedit
270 1734 330 1755 non
344 1728 525 1765 expectatus
540 1724 572 1754 in
589 1724 693 1754 armis.
741 1723 868 1762 Trojani
880 1723 1043 1763 prohibent
1055 1733 1130 1754 enm
1147 1733 1280 1762 accessu,
1292 1727 1320 1753 et
1338 1722 1506 1760 defendunt
1521 1724 1611 1754 littus
1623 1734 1636 1761 ,-

173 1770 265 1806 atque
279 1767 400 1806 primus
413 1767 564 1798 occumbis
580 1765 730 1803 fataliter
745 1766 850 1804 jaculo
879 1766 1046 1805 Hectoreo,
1064 1765 1254 1801 Protesilai&
1277 1768 1307 1796 et
1321 1766 1432 1805 praetia
1458 1766 1590 1805 incepta,
1605 1769 1637 1796 et

176 1813 309 1839 xtrenuoe
323 1810 446 1847 animoe,
461 1819 514 1840 nec
530 1810 602 1839 dum
616 1809 759 1848 cognitus
776 1808 895 1839 Hector
918 1818 1028 1848 magno
1051 1809 1178 1839 veniunt
1198 1808 1329 1838 Graecis.
1376 1808 1484 1848 Neque
1510 1808 1637 1847 'stojani

175 1855 335 1883 senserunt
346 1861 444 1892 pauco
458 1852 609 1891 sanguine
635 1851 707 1891 quia
735 1852 847 1882 Groeca
863 1861 971 1882 manus
982 1854 1098 1892 posset.
1145 1851 1188 1881 Et
1202 1850 1273 1889 J'am
1299 1851 1407 1881 littora
1428 1850 1535 1890 Sigaea
1551 1850 1639 1884 rube-

793 1937 1026 1949 eom

177 1990 308 2021 incurrit
336 1991 370 2021 in
395 1990 458 2022 orb.
461 1994 546 2022 -66
569 1992 667 2031 ang.
690 1993 910 2033 prohibentque
931 1993 1055 2024 aditus:
1092 1992 1125 2022 in
1148 1991 1244 2023 libris
1275 1995 1358 2023 vett.
1384 1990 1421 2021 τὸ
1447 2001 1502 2032 que
1527 1991 1638 2022 omiss.

177 2033 299 2064 Heius.
313 2033 436 2064 suadet
452 2034 550 2065 aditu.
553 2037 638 2064 -68
663 2033 760 2065 Leid
785 2040 864 2067 tert.
889 2037 1118 2075 proemi'ssaque.
1152 2035 1235 2066 Mox
1252 2034 1399 2065 Berolin.
1413 2035 1502 2074 proel.
1517 2035 1640 2065 damno.

178 2078 263 2106 -69
288 2076 452 2115 fortisque
473 2086 491 2106 e
519 2086 607 2107 corr.
639 2077 829 2108 Zulichem
858 2083 1064 2118 receperunt
1093 2077 1213 2108 Heius.
1244 2082 1279 2107 et
1311 2077 1424 2107 Burm.
1455 2086 1516 2117 pro
1546 2077 1639 2116 vulg.

171 2117 305 2158 sortesq.
329 2118 421 2150 Dein
438 2128 499 2159 pro
514 2128 586 2149 nece
610 2120 707 2150 multi
730 2120 857 2155 habeut
883 2130 1002 2160 neque5
1029 2120 1181 2150 Berolin.
1198 2129 1279 2150 nam.
1327 2119 1530 2158 Refingebat
1558 2119 1639 2149 olim

180 2161 298 2193 Heius.
308 2170 402 2202 neque
416 2161 578 2201 inagnitus
594 2161 690 2193 Hect.
693 2165 777 2193 -70
790 2163 830 2194 In
844 2162 1044 2205 quibusdam
1060 2162 1220 2193 scribitur
1234 2162 1383 2194 Achaica.
1385 2165 1465 2193 -71
1494 2161 1640 2192 Plurimi

837 2253 986 2287 NOTAE

181 2327 234 2350 nae
258 2316 398 2349 dixerit.
442 2317 561 2348 Scinnt
576 2318 667 2359 quod
683 2318 775 2351 Jnno
790 2318 882 2350 fabu-
940 2319 993 2352 cio
1005 2329 1104 2361 quern
1121 2318 1193 2351 fato
1210 2318 1392 2360 designat,'
1407 2319 1470 2349 [tc.
1488 2317 1642 2359 Epistola

182 2369 253 2400 lata
273 2373 326 2399 est
354 2378 430 2399 cuin
454 2368 555 2400 Jove.
600 2368 721 2399 Sciunt
736 2379 811 2409 quae
829 2379 884 2400 ne·
941 2370 1148 2401 Laodamiam

182 2428 249 2460 que
267 2417 397 2456 futura,
414 2427 521 2459 neque
537 2416 627 2448 sacta
644 2423 733 2448 sunt.
755 2418 886 2449 Tamen
982 2424 1024 2451 69
1050 2421 1226 2462 Forteque]
1252 2421 1416 2461 Trojanos
1435 2420 1517 2452 dicit
1535 2419 1640 2450 sortes

182 2469 232 2500 illi
248 2469 459 2507 sciunt,’&c.
941 2480 1063 2511 magno
1089 2471 1215 2502 Danais
1239 2471 1443 2503 constitisse.
1489 2470 1576 2502 vide
1594 2471 1641 2500 in-

225 2522 266 2551 67
292 2519 462 2559 Fataliter]
487 2519 638 2550 Oraculo
654 2518 800 2550 monitus
816 2518 886 2551 sue·
942 2522 1247 2562 terpretationem3
1287 2520 1410 2553 deinde
1447 2526 1482 2552 et
1514 2520 1642 2551 clariss.

183 2575 238 2602 rat
253 2580 294 2602 ne
312 2570 354 2601 ad
379 2570 567 2610 Trojanum
595 2569 717 2600 bellum
738 2568 886 2609 proficis·-
943 2572 1075 2603 Heinsii
1092 2578 1203 2603 notas.

183 2627 343 2659 ceretur;
368 2623 413 2653 ibi
431 2632 574 2663 namque
591 2622 791 2662 periturum.
827 2621 886 2653 At-
984 2625 1025 2653 70
1066 2622 1222 2664 Phryges]
1262 2624 1328 2651 Seu
1364 2619 1520 2658 Troiani,
1557 2627 1641 2659 quos

185 2682 250 2713 que
275 2672 307 2703 in
333 2672 413 2703 fatis
440 2678 512 2702 erat
536 2672 770 2702 occubiturum
795 2673 886 2703 illum
944 2671 1128 2712 Phrygiam
1145 2672 1305 2702 minorem
1330 2679 1388 2699 seu
1405 2668 1575 2699 Troadem
1593 2673 1642 2700 te-

185 2723 241 2764 qui
259 2723 387 2763 primus
403 2732 443 2752 ex
462 2723 594 2753 Gra‘cis
612 2723 643 2752 in
661 2723 754 2754 littus
774 2723 887 2763 'rroja-
942 2723 1053 2754 iniisse
1063 2723 1132 2763 jani
1150 2732 1242 2761 sai-pe
1259 2720 1417 2750 diximus.

187 2783 264 2804 num
278 2772 526 2803 exscenderet:
548 2773 556 2788 ‘
570 2773 650 2803 Sors
664 2782 798 2815 quoque
814 2782 888 2804 nes·
985 2776 1024 2805 71
1065 2772 1187 2812 Sigae]
1227 2770 1502 2802 l’rouioutoriiun
1529 2770 1640 2811 Trojoe

272 2826 388 2867 Delplc.
403 2829 433 2858 et
455 2826 529 2857 Var.
547 2826 631 2857 Clau.
871 2827 962 2857 ovid.
1478 2827 1496 2854 5
1524 2823 1555 2854 D
