1831 3023
231 202 344 243 1170
717 212 757 243 Ρ.
790 210 946 241 ovmu
978 210 1191 242 NAsoNJs

231 308 393 360 Pingit,
415 309 458 347 et
477 305 698 359 antiquam
718 305 773 346 de
793 309 914 346 terrae
937 306 1110 347 nomine
1127 306 1260 347 litem.

230 375 311 415 Bis
331 387 410 414 sex
434 375 656 423 coelestes,
677 372 820 413 medio
839 372 969 421 Jove,
992 373 1171 417 sedibus
1192 373 1291 413 altis

228 440 430 492 Augusta
451 441 660 493 gravitate
682 440 846 485 sedent.
909 440 1003 479 Sua
1022 453 1238 492 quemque
1261 439 1453 480 Deorum

229 507 436 548 Inscribit
456 508 605 547 facies.
665 505 694 545 J
698 506 793 545 ovis
813 508 878 544 est
898 505 1054 555 regalis
1075 506 1235 558 imago.

230 575 352 614 Stare
375 575 519 614 Deum
542 573 699 625 pelagi,
720 572 940 622 longoque
960 570 1085 610 ferire
1108 572 1292 614 tridente

229 641 400 694 Aspera
421 653 534 681 saxa
553 639 669 688 facit,
690 638 922 689 medioque
941 650 965 675 e
987 638 1158 677 vulnere
1179 639 1281 679 saxi
1301 663 1309 667 ,

228 707 480 747 Exsiluisse
500 706 635 746 ferum
655 719 665 756 3
697 718 783 758 quo
803 705 977 757 pignore
997 704 1192 744 vindicet
1209 706 1369 746 urbem.

228 774 290 814 At
310 774 394 814 sibi
415 773 490 813 dat
510 773 725 825 clypeum,
748 771 823 810 dat
842 775 987 810 acutae
1013 770 1212 824 cuspidis
1231 772 1429 812 hastam:

229 828 321 880 nat
342 840 510 891 galeam
531 839 696 891 capiti:
729 836 973 878 defenditur
994 838 1133 890 aegide
1154 841 1309 890 pectus
1328 853 1337 880 ε

227 906 577 958 Percnssamque
599 917 681 945 sua
701 903 876 944 simulat
897 903 951 944 de
971 904 1156 958 cuspide
1177 909 1335 946 terram

228 972 417 1012 Prodere
434 983 531 1010 cum
553 971 700 1010 baccis
719 971 870 1010 foetum
892 972 1084 1012 canentis
1106 972 1262 1023 olivae3

229 1037 466 1089 Mirarique
487 1036 624 1078 Deos.
688 1035 823 1089 Operi
841 1036 1024 1078 victoria
1048 1037 1161 1078 finis.

227 1103 287 1144 Ut
309 1107 456 1144 tamen
477 1103 698 1156 exemplis
719 1104 929 1156 intelligat
949 1105 1107 1145 aemula
1126 1104 1286 1154 laudis,

1618 902 1675 945 80

225 1232 255 1262 in
272 1241 340 1262 arce
360 1232 518 1272 Cecropia,
540 1235 571 1263 et
594 1235 682 1264 vetus
704 1233 868 1264 dissidium
882 1235 919 1264 de
933 1234 1055 1265 nomine
1070 1237 1174 1265 terroe.
1219 1234 1392 1264 Duodecim
1408 1232 1469 1264 Dii
1484 1233 1590 1264 sedent
1606 1242 1674 1264 cum

223 1277 356 1313 augusta
370 1276 528 1312 grai-itate
543 1275 575 1304 in
598 1276 718 1305 sedibus
733 1276 870 1316 ezr-celsis,
892 1278 971 1307 Jove
985 1277 1097 1307 medio.
1143 1276 1225 1307 Suus
1241 1275 1344 1307 vultus
1367 1276 1513 1315 exprimit
1529 1284 1673 1315 quemque

223 1316 373 1347 Deorum.
421 1317 529 1347 Facies
553 1317 642 1346 Jotis
667 1320 712 1347 est
735 1318 836 1356 regia.
882 1319 974 1349 Facit
992 1319 1096 1349 Deum
1112 1320 1208 1350 maris
1223 1322 1369 1355 stantem,
1396 1321 1426 1349 et
1450 1317 1674 1358 percutientem

222 1359 313 1395 long-0
329 1358 463 1389 tridente
479 1361 586 1389 duram
602 1369 722 1399 rupem,
746 1364 775 1391 et
791 1370 898 1400 equum
913 1362 1112 1400 prodeuntem
1128 1371 1167 1391 ex
1183 1361 1281 1392 media
1287 1360 1406 1401 fissura
1426 1360 1524 1400 rupis,
1540 1369 1595 1399 quo
1608 1369 1678 1390 mu-

223 1410 294 1430 nere
309 1410 395 1431 suam
402 1401 508 1439 faciat
522 1401 637 1431 urbem.
679 1401 724 1432 At
739 1406 828 1442 aptat
840 1402 898 1433 sibi
912 1407 1047 1437 scutum,
1058 1406 1148 1443 optat
1164 1403 1284 1433 hastam
1299 1402 1451 1433 mucronis
1465 1402 1560 1441 acuti,
1585 1403 1675 1441 aptat

219 1443 342 1481 galeam
356 1443 470 1483 capiti:
490 1446 599 1483 pectus
613 1443 733 1482 tegitur
746 1445 858 1483 aegide.
901 1446 1004 1485 Atque
1019 1445 1124 1486 fingit
1148 1448 1266 1475 terram
1290 1445 1385 1475 ictam
1410 1454 1465 1474 sua
1481 1444 1570 1474 hasta
1584 1444 1675 1474 edere

215 1484 330 1522 foetum
344 1485 421 1515 alboe
436 1486 523 1516 olivae
538 1496 605 1516 cum
621 1486 736 1517 baccis.-
759 1490 790 1517 et
815 1487 898 1518 Deos
910 1488 1070 1518 admirari.
1121 1487 1262 1518 Victoria
1289 1496 1350 1517 sua
1366 1486 1446 1528 finis
1470 1486 1579 1526 operis.
1629 1486 1674 1516 Ut

222 1531 324 1558 tamen
346 1527 452 1559 invida
467 1528 589 1559 honoris
601 1532 762 1568 cognoscat
777 1529 925 1569 exemplis
949 1540 1040 1569 quam
1066 1531 1234 1561 mercedem
1253 1529 1351 1570 possit
1375 1529 1475 1560 animo
1488 1537 1674 1569 praesumere

831 1624 890 1635 ‘we

221 1687 305 1716 -68
327 1684 480 1716 Maxima
496 1695 573 1725 pars
589 1687 852 1728 scriptorumfiI.
868 1687 1046 1723 interitum
1069 1691 1212 1728 quatuor
1227 1687 1491 1719 innectitur.-——'75
1517 1687 1614 1718 Unus
1627 1695 1670 1718 ex

222 1727 318 1758 Leid.
338 1728 422 1758 Nare
437 1728 582 1759 De.—77
608 1729 649 1758 In
666 1729 739 1760 Pal.
756 1730 919 1767 Exiliisse‚
935 1730 968 1759 in
982 1729 1065 1760 Cod.
1079 1729 1234 1761 Menard.
1260 1729 1533 1767 Exhibuisse‚fer.
1566 1729 1671 1760 Multi

221 1778 354 1808 quoqne
370 1774 406 1799 et
421 1769 505 1799 Mss.
522 1775 557 1800 et
574 1771 660 1801 Edd.
677 1780 738 1811 pro
752 1770 859 1808 ferum
880 1772 1007 1802 habent
1024 1771 1239 1809 fretum—81
1264 1772 1412 1802 Berolin.
1429 1776 1466 1801 et
1482 1771 1551 1809 alii,
1569 1771 1671 1802 Edere

220 1821 287 1842 cum
302 1811 367 1841 bac.
400 1810 574 1848 O.soetus;
597 1813 837 1849 unusfructus;
860 1814 1102 1852 tresfructum;
1130 1814 1256 1844 Bonon.
1273 1823 1402 1844 ramum.
1450 1813 1519 1844 Hic
1535 1822 1684 1853 quoqne-

210 1853 388 1890 frondentis
407 1854 476 1885 oliv.
510 1854 644 1894 plurimi
671 1857 840 1895 candentis,
868 1866 952 1887 unus
975 1856 1215 1896 pallentis—82
1241 1856 1337 1896 Operi
1366 1860 1447 1889 tert.
1477 1854 1574 1886 Med.
1595 1864 1671 1887 sec.

877 1959 1016 1991 NOTAE

257 2041 298 2069 ’70
314 2039 475 2080 Cecropia]
491 2039 705 2080 Atheniensi,
723 2051 742 2071 a
759 2042 913 2082 Cecrope

217 2087 425 2120 Athenarum
442 2099 534 2130 rege.

258 2139 438 2179 Scopulum]
484 2140 554 2170 Pei·
583 2140 704 2171 Martis
736 2140 914 2180 scopulum

216 2188 431 2229 Areopagum
459 2190 625 2229 intellige,
659 2190 751 2231 (nam
780 2191 837 2221 illa
862 2194 914 2221 est

214 2239 313 2278 hujus
326 2239 418 2270 vocis
434 2239 705 2281 interpretatio‚)
718 2250 783 2281 quo
797 2241 829 2271 in
842 2240 913 2271 loco

214 2288 309 2318 Mars
326 2289 415 2329 apud
434 2292 485 2321 12.
506 2290 599 2321 Deos
626 2290 667 2321 de
689 2290 782 2321 caede
801 2290 914 2321 Halir-

215 2338 461 2370 rliotiicausam
481 2340 579 2379 dixit,
604 2344 787 2371 accusante
815 2340 913 2380 hujus

214 2393 311 2428 patre
349 2390 532 2429 Neptuno:
587 2390 642 2420 ubi
682 2394 717 2420 et
750 2389 912 2429 deinceps

214 2438 579 2479 Areopagitaejudices
594 2439 798 2470 severissimi
810 2438 913 2469 maxi-

215 2497 270 2518 ma
285 2498 361 2519 cum
385 2489 582 2529 integritate
599 2488 641 2519 de
659 2488 769 2519 causis
785 2488 910 2528 capita-

214 2538 300 2568 libus
317 2540 632 2577 pronuntiaverunt.

257 2590 297 2618 71
323 2589 503 2629 Antiqumn]
543 2589 628 2621 Quae
659 2589 747 2618 inter
778 2588 911 2627 Neptu-

214 2647 292 2668 num
309 2642 345 2668 et
368 2638 541 2669 Palladem
567 2644 669 2676 mota,
694 2638 760 2669 utri
788 2639 910 2669 Cecro-

215 2688 279 2727 pia:
297 2687 369 2718 urbi
389 2697 509 2719 nomen
537 2689 710 2728 imponere
729 2689 785 2728 jus
809 2692 911 2728 esset,

214 2736 353 2768 decreta
374 2740 453 2768 ante
473 2746 493 2768 a
518 2737 606 2777 Diis,
624 2742 660 2768 ut
687 2738 743 2779 qui
765 2737 910 2768 humano

970 2038 1085 2079 generi
1111 2049 1181 2070 rem
1198 2038 1456 2069 commodiorem
1475 2038 1670 2080 invenisset,

967 2088 1023 2117 ille
1049 2087 1124 2117 urbi
1152 2097 1273 2118 nomen
1301 2088 1515 2127 imponeret:
1540 2088 1573 2118 in
1600 2098 1667 2129 quo

969 2138 1103 2178 quidem
1120 2138 1305 2168 certamine
1328 2138 1413 2168 vicit
1430 2138 1599 2177 Minerva,
1617 2143 1670 2170 ut-

969 2193 1049 2228 pote
1078 2196 1153 2228 quae
1182 2188 1316 2226 olivam,
1343 2197 1430 2228 equo
1454 2197 1473 2217 a
1502 2188 1668 2228 Neptuno

970 2237 1150 2277 producto,
1193 2247 1312 2268 munus
1342 2238 1532 2269 hominibus
1562 2238 1668 2278 magis

969 2294 1145 2327 acceptum
1162 2288 1324 2328 protulit;
1349 2288 1438 2319 unde
1462 2293 1497 2319 et
1524 2287 1668 2320 Athenis

967 2347 1087 2368 nomen
1102 2347 1195 2368 suum
1214 2337 1383 2377 imposuit.

1009 2390 1049 2418 77
1075 2387 1203 2426 Ferum]
1250 2388 1394 2428 Equum,
1421 2396 1520 2428 quem
1549 2391 1665 2426 protu-

967 2437 1044 2467 lisse
1068 2438 1265 2477 Neptunum
1289 2441 1326 2467 ut
1353 2447 1446 2467 suam
1471 2441 1568 2476 grato
1596 2445 1666 2467 mn-

966 2496 1048 2518 nere
1064 2487 1178 2519 urbem
1197 2487 1401 2527 vindicaret,
1420 2487 1520 2517 modo
1535 2486 1666 2517 monui-

966 2547 1050 2568 mus.

1008 2590 1049 2617 78
1072 2587 1117 2617 At
1143 2586 1218 2627 sibi]
1267 2586 1348 2626 Ipsa
1372 2585 1486 2616 Pallas
1513 2593 1600 2624 sese,
1626 2589 1663 2616 nt

965 2637 1065 2676 vulgo
1082 2637 1262 2667 etiamnum
1278 2636 1386 2666 solent
1407 2635 1570 2675 pictores,
1586 2644 1665 2666 cum

963 2686 1074 2728 hasta,
1090 2688 1188 2728 galea
1214 2691 1250 2719 et
1273 2685 1394 2727 aegide,
1412 2685 1446 2716 in
1473 2685 1543 2716 tela
1557 2683 1663 2717 finxe-

965 2741 1032 2769 rat.
