1831 3023
218 229 330 274 1584
706 243 747 273 Ρ.
780 242 938 273 ovtml
971 241 1182 273 NAsouts

219 335 289 376 Ire
307 351 386 390 per
404 338 631 387 excubias,
652 341 694 378 et
716 349 764 377 se
788 337 1056 378 committere
1078 338 1229 379 nocti'l

216 403 387 458 Perque
409 407 525 446 seros
544 413 684 453 enses,
704 416 791 443 non
812 406 975 443 tantum
995 405 1158 445 moenia
1177 404 1358 453 Troum,

216 470 380 512 Verum
401 474 530 512 etiam
553 482 746 510 summas
766 481 889 509 arces
910 470 1083 520 intrare,
1108 484 1274 524 suaque

216 538 393 590 Eripere
412 538 506 578 aede
537 537 688 585 Deam,
710 540 967 589 raptamque
988 537 1135 578 efferre
1154 551 1231 592 per
1252 538 1395 578 hostes
1410 537 1430 578 ‘l

216 603 330 653 Quae
352 604 434 643 nisi
456 603 675 650 fecissem,
697 602 857 643 frustra
877 603 1117 645 Telamone
1139 609 1310 646 creatus

215 670 445 710 Gestasset
464 670 581 709 laeva
602 673 824 710 taurorum
846 674 1014 723 tergora
1033 679 1213 725 septem.

213 737 296 777 Illa
315 741 441 777 noete
463 737 566 777 mihi
587 737 736 791 Trojae
761 739 943 778 victoria
962 744 1089 792 parta
1109 745 1174 781 est
1193 754 1201 781 :

213 803 428 855 Pergama
448 807 539 843 tum
561 805 663 852 vici,
686 818 786 845 cum
807 806 921 845 vinci
943 820 1075 858 posse
1096 808 1234 859 coegi.

213 871 378 910 Desine
394 871 595 923 Tydiden
618 871 825 922 vultuque
848 874 890 911 et
910 884 1126 912 murmure
1146 874 1275 912 nobis

213 936 443 977 Ostentare
464 950 631 977 meum:
664 949 768 989 pars
788 940 854 977 est
874 950 955 977 sua
974 938 1120 978 laudis
1141 940 1184 978 in
1206 939 1307 979 illis.

211 1004 311 1056 Nee
335 1009 396 1053 tu,
418 1017 516 1044 cum
539 1003 661 1043 socia
682 1003 881 1056 clypeum
904 1017 982 1056 pro
1005 1005 1148 1044 classe
1170 1006 1370 1061 tenebaS,

211 1071 338 1111 Solus
361 1084 482 1112 eras:
514 1071 593 1111 tibi
610 1071 735 1110 turba
757 1084 921 1120 comes,
944 1072 1046 1112 mihi
1066 1072 1244 1123 contigit
1264 1085 1389 1113 tinus.

211 1136 316 1187 Qui,
337 1139 422 1178 nisi
444 1151 689 1191 pugnacem
710 1125 839 1179 seifet
860 1140 1060 1192 sapiente
1081 1139 1290 1180 minorem

211 1204 338 1254 Esse,
360 1218 436 1246 nec
458 1205 683 1247 indomitae
707 1205 855 1246 deberi
875 1207 1060 1259 praemia
1081 1207 1261 1256 dextrae,
1574 1205 1660 1248 355

210 1271 314 1324 Ipse
334 1286 512 1326 quoque
533 1272 630 1313 haec
650 1275 841 1325 peteret:
872 1277 1038 1327 peteret
1059 1275 1315 1315 moderatior
1334 1272 1470 1327 Ajax‚

211 1338 547 1393 Eurypylusque
569 1340 707 1390 ferox,
735 1341 940 1396 claroque
962 1341 1239 1383 Andremone
1259 1346 1385 1382 natus
1403 1355 1412 1382 ε
1430 1344 1434 1345 ’

1579 532 1665 578 345

1576 869 1662 911 350

207 1469 342 1508 vigilias,
368 1473 399 1501 et
413 1480 443 1501 se
458 1472 581 1502 credere
597 1472 677 1502 nocti
688 1470 704 1503 ?
735 1476 827 1513 atque
841 1474 944 1505 subire
957 1485 1012 1515 per
1027 1484 1122 1505 steros
1133 1473 1266 1513 gladios,
1292 1483 1349 1504 non
1366 1473 1451 1502 modo
1467 1481 1569 1502 muros
1584 1472 1660 1503 Ilia-

206 1521 267 1551 qtos,
294 1522 398 1543 verum
412 1513 507 1543 etiam
521 1523 678 1553 supremas
693 1524 797 1551 arces;
819 1519 910 1557 atque
926 1518 1067 1547 revellere
1083 1517 1182 1548 Deam
1199 1526 1251 1546 suo
1266 1517 1389 1554 templo,
1416 1518 1445 1544 et
1462 1513 1573 1554 efferre
1587 1515 1657 1544 sub-

205 1554 300 1584 latam
313 1564 369 1594 per
383 1555 508 1588 hostes?
555 1557 632 1591 Quoe
648 1557 709 1587 m‘si
716 1558 874 1596 fecissem,
880 1559 970 1600 filius
986 1559 1157 1590 Telamonis
1171 1558 1368 1598 nequicquam
1383 1557 1505 1586 tulisset
1528 1556 1658 1587 sinistra

206 1600 296 1635 terga
309 1600 424 1636 septem
438 1597 537 1628 boum.
588 1598 725 1629 Victoria
755 1601 855 1639 Trojae
880 1602 957 1632 mihi
979 1605 1072 1641 parta
1098 1605 1143 1631 est
1168 1600 1221 1630 illa
1247 1603 1355 1634 ποι-εκ
1378 1602 1441 1628 tum
1456 1599 1558 1628 domui
1575 1598 1656 1629 Per-

204 1648 311 1676 gama,
334 1648 402 1668 cum
425 1639 511 1677 co'e'gi
535 1649 622 1679 posse
644 1641 758 1678 subigi.
808 1643 927 1674 Omitte
949 1644 1035 1673 nobis
1059 1646 1212 1673 ostentare
1236 1642 1331 1672 oculis
1355 1644 1385 1671 et
1406 1640 1543 1671 susurris
1557 1650 1657 1671 meum

209 1679 367 1720 Tydidem.
414 1680 479 1722 Sua
495 1684 540 1711 est
554 1692 629 1720 pars
640 1683 751 1720 glorioe
765 1684 798 1713 in
811 1684 888 1714 illis.
934 1685 1040 1724 Neque
1050 1688 1084 1715 tu
1096 1685 1177 1714 solus
1192 1694 1271 1722 eras,
1285 1694 1353 1714 cum
1365 1683 1522 1712 tractabas
1535 1685 1656 1712 scutum

202 1732 258 1760 pro
274 1723 400 1753 naribus
414 1723 525 1765 sociis-3·
538 1724 594 1753 tibi
607 1734 715 1762 agmen
730 1729 797 1755 erat
811 1726 974 1764 opiferum,
985 1726 1060 1756 mihi
1074 1735 1150 1756 unus
1163 1724 1285 1763 obtigit.
1305 1725 1378 1761 Qui,
1393 1724 1451 1754 uisi
1466 1724 1656 1761 intelligeret

200 1773 371 1802 pugnacem
384 1774 448 1795 esse
462 1763 643 1803 inferiorem
665 1767 810 1805 sapienti,
832 1777 927 1807 neque
938 1768 1069 1807 prcemz'a
1084 1767 1186 1798 deberi
1200 1767 1303 1797 manui
1320 1765 1454 1803 invit-tce,
1477 1766 1540 1804 ipse
1561 1765 1656 1796 etiam

203 1805 268 1836 hcec
281 1810 415 1847 posceret
427 1818 437 1837 .·
460 1807 544 1846 Ajax
559 1807 657 1839 lenior
664 1812 817 1849 posceret,
832 1813 924 1850 atque
938 1820 1038 1840 saevus
1053 1810 1236 1851 Eurypilus,
1251 1813 1280 1840 et
1283 1808 1375 1850 filius
1389 1808 1520 1839 illustris
1534 1809 1657 1839 Andre-

814 1893 1046 1905 eeeeeeeeeeee

204 1942 320 1981 dedit3
357 1945 449 1984 vulg.
482 1945 712 1976 metuit.—3›-12
737 1945 832 1977 Unus
863 1945 982 1979 Heius.
1009 1957 1066 1988 per
1094 1947 1339 1979 insidias—343
1367 1947 1482 1978 Troum
1511 1955 1553 1976 ex
1584 1947 1654 1978 vet.

202 1986 258 2016 lib.
276 1988 404 2026 profert
423 1987 543 2018 Heius.
562 1988 650 2028 vulg.
676 1989 895 2026 Trajan—345
919 1989 1015 2020 Idem
1041 2000 1083 2020 ex
1108 1991 1222 2021 multis
1245 1990 1379 2030 efferre;
1404 1990 1491 2028 vulg.
1515 1987 1654 2028 offrre,-

202 2029 349 2059 nonnnlli
377 2028 519 2068 auferre;
542 2031 631 2061 Mor.
645 2030 880 2068 inferrer-347
903 2032 984 2062 Tres
1010 2032 1087 2063 libri
1116 2033 1263 2063 Gestaret
1292 2033 1380 2062 loeva.
1404 2032 1469 2062 duo
1489 2031 1654 2061 Gessisset.

199 2073 305 2101 -348
330 2071 424 2101 Unus
451 2072 544 2103 Med.
572 2076 664 2113 pacta
689 2077 746 2111 est,
778 2073 866 2113 quod
897 2075 1011 2113 placet
1041 2075 1264 2106 Burm.—-350
1287 2074 1381 2105 Leid.
1408 2078 1570 2112 nuc-tuque,
1587 2081 1648 2111 pro

200 2116 411 2153 nutuq.-35l
436 2115 505 2145 Illis
522 2119 632 2146 estex
650 2125 715 2146 uno
742 2116 832 2147 Mor.
873 2116 961 2157 vulg.
982 2117 1046 2148 illo.
1072 2117 1191 2148 Heius.
1209 2118 1279 2148 vult
1301 2126 1377 2157 pars
1401 2119 1445 2146 est
1470 2125 1525 2146 sua
1551 2113 1651 2145 laudis

860 2211 997 2243 NOTAE

240 2284 304 2313 346
320 2282 465 2321 Frustra]
493 2282 579 2315 Quia
590 2283 703 2322 Troja,
717 2287 896 2323 antequam

199 2332 348 2363 ablatum
377 2337 466 2363 esset
499 2332 690 2363 Palladium
725 2332 801 2372 capi
832 2342 897 2363 non

197 2386 345 2423 poterat.

240 2435 302 2463 347
330 2433 516 2473 Taurorum]
556 2433 608 2463 Ex
634 2431 754 2473 quibus
777 2430 895 2472 Ajacis

195 2487 326 2514 scutum
354 2482 542 2513 constabat.
598 2482 688 2513 Nota
714 2486 824 2513 antem
853 2482 894 2512 de

195 2532 365 2564 industria
388 2532 611 2562 multitudinis
635 2541 774 2562 numero
801 2542 893 2563 nsum

196 2581 367 2621 Ulyssem,
405 2585 442 2611 ut
477 2581 626 2621 bajulum
660 2582 766 2621 magis
794 2592 894 2623 quam

194 2630 337 2661 militem
355 2631 582 2661 adversarium
599 2631 768 2662 irrideret.

237 2683 297 2711 351
325 2681 503 2720 Ostentare]
525 2681 723 2712 Diomedem
737 2681 893 2712 comitem

193 2729 312 2760 habuit
343 2730 481 2770 Ulysses
512 2739 618 2769 prope
655 2731 686 2760 in
718 2730 892 2760 omnibus:

194 2778 413 2820 quamobrem
437 2779 471 2809 id
497 2779 560 2810 sibi
589 2780 683 2811 vultu
711 2785 769 2811 aut
796 2785 894 2820 gestu

952 2284 1101 2324 objicere
1118 2284 1259 2324 Ajacem
1276 2283 1384 2315 finxit.

993 2336 1053 2364 355
1080 2333 1258 2373 Indomitce]
1283 2333 1437 2364 Honesto
1449 2331 1553 2362 verbo
1569 2342 1648 2364 usus

950 2387 1003 2413 est
1031 2389 1171 2423 propter
1194 2383 1413 2414 Diomedem:
1440 2382 1495 2423 qui
1510 2382 1574 2413 nisi
1590 2383 1649 2414 ob-

950 2437 1056 2464 staret
1080 2443 1141 2474 per
1166 2433 1361 2464 indomitam
1384 2432 1540 2463 dextram
1558 2432 1647 2464 vires

951 2483 1020 2513 siue
1036 2485 1167 2515 ratione
1186 2484 1461 2523 intelligeremus.

991 2536 1054 2564 356
1087 2534 1186 2574 Ajax]
1227 2533 1317 2564 Oilei
1342 2532 1444 2569 filius,
1475 2532 1533 2572 qui
1557 2531 1648 2563 inter

949 2582 1149 2614 fortissimos
1176 2582 1428 2613 numerabatur.
1472 2581 1561 2613 Vide
1593 2592 1649 2613 au-

950 2638 1028 2672 tem,
1052 2643 1150 2673 qnam
1175 2632 1355 2663 artificiose
1373 2631 1530 2672 judicum
1553 2630 1645 2662 favo-

950 2692 1017 2712 rem
1037 2683 1099 2713 sibi
1113 2683 1270 2713 conciliet
1283 2682 1435 2721 Ulysses.
1606 2704 1608 2707 .

989 2734 1050 2763 357
1076 2718 1270 2772 Eurlspylas]
1298 2732 1364 2762 Hic
1376 2730 1565 2762 Evaemonis
1580 2730 1646 2762 fnit

946 2780 1091 2822 fiiius,ex
1103 2782 1265 2813 Ormenio
1273 2782 1461 2813 Thessaliae
1471 2781 1567 2821 urbe,
1577 2781 1653 2823 qui,
