1831 3023
200 201 313 244 1272

201 306 403 348 Solverat
421 304 629 358 ingeniis;
660 309 702 346 et
721 306 997 359 praecipitata
1021 305 1219 359 jacebat,

693 213 734 244 P.
765 213 921 244 ovlml
954 210 1166 243 NASONIS

1565 303 1649 345 760

201 371 436 413 Immemor
454 373 700 425 ambagum,
721 376 845 413 vates
867 373 1071 422 obscura,
1095 385 1289 412 suarum.

202 438 380 479 Scilicet
400 439 515 479 alma
532 439 713 479 Themis
733 451 821 478 non
839 439 945 479 talia
962 440 1120 491 linquit
1140 440 1288 480 inulta.

201 504 410 546 Protinus
432 504 593 545 Aoniis
614 503 854 545 immittitur
874 505 1013 545 altera
1030 506 1193 546 Thebis

201 571 376 622 Pestis;
409 575 451 611 et
469 570 606 611 exitio
627 571 749 611 multi
768 584 1064 624 pecorumque
1087 586 1252 626 suoque

204 638 443 690 Rurigenae
465 650 623 690 pavere
642 637 791 678 feram.
851 637 1012 678 Vicina
1037 638 1243 691 juventus

1569 636 1654 677 765

203 704 444 756 Venimus3
477 708 520 745 et
537 704 655 745 latos
675 704 880 756 indagine
901 705 1120 746 cinximus
1141 719 1285 759 agros.

203 771 290 813 Illa
309 771 395 811 levi
414 771 547 812 velox
567 771 803 822 superabat
822 771 933 812 retia
953 771 1091 812 saltu:

205 838 473 891 Summaque
492 837 704 878 transibat
724 838 963 890 positarum
982 838 1072 879 lina
1089 838 1331 890 plagarum.

207 904 381 958 Copula
401 904 638 945 detrahitur
659 905 859 954 canibus,
881 918 993 958 quas
1012 905 1087 946 illa
1107 909 1331 958 sequentes

204 971 381 1024 Effugit,
403 975 448 1011 et
467 970 636 1012 volucri
655 983 743 1011 non
763 972 940 1024 segnius
960 971 1059 1012 alite
1078 971 1204 1012 ludit.

1575 969 1659 1011 770

204 1079 349 1119 ambigua
364 1079 480 1117 dejecta
492 1083 594 1110 strata
604 1083 671 1110 erat
684 1079 779 1110 oblita
794 1079 994 1118 aenigmatum
1003 1089 1136 1110 suorum.
1183 1079 1344 1109 Nimirum
1359 1079 1442 1109 alma
1461 1076 1586 1108 Themis
1599 1086 1659 1107 non

204 1122 282 1153 sinit
297 1122 374 1152 talia
389 1122 552 1162 impunita.
597 1122 764 1162 Extemplo
776 1122 861 1152 aliud
876 1126 1045 1152 monstrum
1061 1122 1217 1152 excitatur
1232 1124 1265 1151 in
1279 1121 1396 1151 Thebas
1410 1120 1529 1150 Aonias
1537 1129 1549 1155 ‚·
1568 1121 1660 1158 atque

204 1164 334 1205 plurimi
349 1165 446 1195 coloni
461 1164 603 1195 aluerunt
610 1164 717 1202 feram
731 1165 843 1195 damno
855 1173 996 1204 pecorum
1012 1167 1103 1203 atque
1116 1173 1178 1193 suo.
1225 1162 1376 1192 Proxima
1388 1162 1536 1200 juventus
1557 1170 1662 1194 accur·

205 1207 303 1237 rimus
312 1218 324 1243 ‚·
347 1210 436 1246 atque
452 1207 706 1238 circumdedimus
720 1209 824 1236 vastos
839 1216 960 1246 campos
974 1206 1132 1244 indagine.
1178 1205 1238 1235 Illa
1253 1205 1347 1243 agilis
1370 1203 1532 1244 superabat
1554 1203 1664 1243 plagas

201 1248 296 1287 sacili
322 1250 402 1279 saltu
412 1260 425 1286 ;
459 1252 550 1290 atque
575 1248 863 1288 transgrediebatur
887 1258 1043 1289 supremos
1057 1247 1152 1285 funes
1177 1246 1291 1277 retium
1315 1249 1518 1277 extensurum.
1565 1246 1663 1275 Canes

207 1292 382 1332 solvuntur,
397 1301 469 1331 quos
482 1292 670 1332 insequentes
681 1292 736 1322 illa
749 1291 925 1331 praevertit,
938 1300 1032 1331 neque
1047 1290 1141 1321 aliter
1149 1289 1328 1327 frustratur
1338 1298 1429 1329 quam
1439 1289 1504 1319 avis
1516 1287 1663 1319 volatilis.

821 1365 1055 1378 e‘eeeeeeeeeae

212 1407 490 1439 Naiadum—760
524 1408 594 1438 Pro
621 1408 765 1439 Solverat
790 1408 846 1438 alii
871 1406 998 1438 habent
1026 1406 1166 1444 Saevum,
1197 1405 1252 1437 vel
1281 1405 1538 1437 Salvum—763
1561 1404 1664 1444 Vulg.

210 1449 348 1480 immissa
372 1453 417 1480 est
445 1450 541 1481 bellua
563 1450 615 1491 (in
630 1450 828 1490 quibusdam
845 1454 929 1480 vett.
945 1448 1059 1489 bestia)
1084 1448 1214 1479 Thebis:
1238 1448 1282 1479 N.
1297 1457 1384 1478 man.
1399 1457 1450 1487 pr.
1468 1451 1502 1477 et
1520 1450 1665 1486 uterque

212 1491 402 1531 Hamburg.
419 1496 454 1524 et
470 1493 639 1532 Bernegg.
654 1492 837 1523 immittitur
853 1491 951 1522 bellua
963 1502 973 1521 .·
997 1491 1046 1522 Fl.
1062 1490 1095 1521 S.
1111 1490 1235 1529 Marci,
1250 1494 1285 1520 et
1298 1489 1467 1530 Spirensis
1482 1489 1665 1519 immittitur

210 1535 430 1566 altem—764
453 1534 574 1565 Heius.
590 1534 721 1574 recepit
744 1534 850 1565 Pestis
875 1543 935 1573 pro
959 1534 1050 1573 vulg.
1069 1533 1189 1564 Cessit.-
1222 1536 1258 1563 et
1280 1532 1552 1562 Zulichemianus
1576 1530 1667 1561 multi

213 1585 277 1616 pro
293 1577 411 1607 multis.
456 1577 496 1607 Iu
514 1575 713 1617 quibusdam
730 1580 815 1608 vett.
835 1575 1007 1616 pecorique,
1023 1576 1075 1606 vel
1088 1576 1274 1615 pecorisque,
1290 1573 1350 1604 sibi
1363 1585 1375 1610 ‚·
1398 1574 1454 1604 alii
1467 1582 1667 1614 pecorumque

212 1628 377 1658 suumque:
400 1622 436 1649 at
451 1619 550 1650 Cant.
567 1628 619 1657 pr.
637 1618 743 1649 Gron.
760 1628 826 1649 sec.
842 1618 937 1648 Med.
959 1617 1125 1657 Spirensis
1142 1621 1178 1647 et
1194 1617 1307 1656 plures
1324 1617 1381 1646 alii
1395 1625 1564 1656 pecorumq.
1578 1624 1665 1655 suoq.

214 1660 306 1701 quod
334 1660 455 1692 Heius.
484 1660 638 1701 praefert.
682 1660 723 1690 In
750 1659 899 1690 Berolin.
924 1663 998 1690 erat
1020 1659 1156 1689 virorum
1183 1668 1244 1699 pro
1260 1668 1394 1697 ειιοᾳιιε,ι
1417 1657 1508 1687 unde
1523 1657 1666 1687 Bothius

213 1702 314 1742 fingit
326 1702 603 1742 virumque—765
627 1702 798 1741 Rurigenoe
814 1711 876 1742 pro
900 1702 990 1741 vulg.
1018 1700 1178 1731 Ruricoloe
1202 1700 1323 1730 Heins.
1340 1709 1382 1729 ex
1398 1698 1594 1729 melioribus
1610 1698 1668 1729 de-

218 1744 291 1774 dit:
326 1745 480 1775 Berolin.
519 1744 623 1775 habet
648 1742 970 1781 Horriferam.—768
993 1743 1074 1773 Bas.
1105 1751 1155 1782 pr.
1183 1746 1274 1772 notae
1300 1740 1430 1772 transit.
1456 1741 1669 1781 pictarum.—

215 1789 280 1817 769
303 1786 363 1818 Pr.
378 1787 454 1818 Pal.
480 1787 557 1826 Cep.
571 1786 768 1818 distrahitur.
782 1787 869 1821 Quas
885 1789 938 1817 est
953 1795 996 1816 ex
1018 1794 1069 1826 pr.
1094 1785 1136 1816 A.
1158 1784 1246 1825 vulg.
1263 1786 1452 1824 quos.—770
1473 1783 1561 1815 Edd.
1576 1782 1667 1824 vulg.

875 1872 907 1904 N
914 1871 1015 1903 0¹1*AE

217 1934 294 1966 dem
310 1934 367 1966 ille
383 1935 417 1966 in
431 1934 577 1966 infantia
598 1935 753 1967 manibus
769 1939 805 1967 et
824 1936 918 1976 pedi-

217 1986 281 2016 bus
309 1995 431 2025 repens
462 1986 571 2017 verius
607 1996 707 2027 quam
745 1986 917 2026 incedens,

219 2034 412 2075 quadrupes
451 2035 649 2075 videretur;
687 2046 764 2068 cum
792 2036 918 2067 adoles-

208 2087 302 2116 'cens
335 2085 453 2125 bipes;
478 2086 572 2116 senio
594 2085 782 2126 confectus,
803 2089 840 2116 et
859 2086 917 2116 ba-

220 2135 295 2166 culo
325 2135 447 2176 nitens,
474 2136 579 2176 tripes
607 2137 675 2168 dici
709 2135 918 2168 mereretur?

220 2185 336 2226 Atque
364 2185 463 2225 hujus
493 2185 668 2216 solutionis
699 2185 814 2216 dolore
845 2193 919 2215 sese

219 2236 348 2277 Sphinx
363 2236 405 2266 de
422 2245 502 2266 saxo
519 2235 731 2275 praecipitem
747 2235 852 2265 dedit.

262 2284 410 2324 Laiades]
432 2285 588 2325 OEdipus,
598 2284 672 2316 Laii
684 2283 920 2316 Thebanorum

223 2335 312 2375 regis
326 2333 426 2365 filius.

265 2387 328 2415 761
368 2383 462 2415 Vates
485 2383 625 2423 obscura]
669 2382 801 2423 Sphinx
829 2391 921 2414 mon-

224 2438 344 2474 strum,
359 2433 472 2474 capite
497 2438 532 2463 et
555 2433 649 2463 vultu
671 2433 832 2472 puellam,
861 2432 922 2462 alis

227 2494 337 2524 avem,
359 2484 490 2525 reliquo
518 2492 660 2524 corpore
685 2483 815 2514 leonem
841 2481 924 2513 refe-

225 2543 317 2573 rens,
345 2542 366 2564 a
391 2533 525 2565 Juuone
560 2533 721 2564 adversus
748 2532 924 2564 Thebanos

227 2583 423 2615 immissum.

269 2636 333 2665 762
358 2632 496 2673 Themis]
529 2632 613 2663 Coeli
639 2642 678 2663 ac
703 2632 818 2663 Terrae
844 2631 924 2672 filia,

230 2692 305 2724 quae
340 2681 488 2714 homines
525 2682 612 2723 quod
640 2681 689 2712 fas
720 2682 764 2712 sit
789 2690 925 2712 servare

229 2732 387 2774 docebat,
414 2732 507 2773 cujus
532 2731 793 2763 vetustissimum
809 2729 875 2762 fuit
892 2730 924 2762 in

970 1935 1106 1966 Boeotia
1121 1934 1305 1966 oraculum.

1013 1988 1075 2016 763
1112 1984 1238 2023 Aoniis]
1297 1982 1460 2020 Boeotiis;
1497 1983 1551 2013 est
1581 1981 1671 2013 enim

972 2034 1082 2066 Aonia
1096 2035 1241 2065 Boeotiae
1259 2043 1337 2074 pars
1354 2036 1522 2063 montana.

1015 2086 1077 2114 764
1104 2084 1225 2124 Pestis]
1268 2083 1320 2113 De
1356 2082 1458 2122 vulpe
1488 2080 1649 2121 intelligit
1663 2091 1674 2120 ;

973 2133 1140 2173 quomodo
1156 2137 1190 2163 et
1207 2132 1288 2163 alibi
1311 2133 1320 2149 ‘
1336 2131 1440 2172 pestis
1453 2129 1593 2162 Nemea’
1609 2139 1674 2170 pro

973 2184 1072 2213 leone
1089 2183 1243 2213 sumitur.

1017 2235 1078 2262 765
1103 2232 1238 2271 Pavere]
1266 2232 1343 2263 Non
1359 2231 1459 2262 modo
1476 2240 1551 2262 eam
1567 2229 1674 2261 feram

974 2290 1097 2322 pueros
1113 2281 1276 2321 rapuisse,
1291 2280 1350 2312 sed
1363 2280 1394 2310 ei
1410 2280 1583 2320 trigesimo
1596 2289 1677 2322 quo·

975 2340 1038 2372 que
1054 2330 1110 2361 die
1122 2339 1224 2361 unum
1237 2329 1431 2370 expositum
1446 2328 1561 2367 fuisse,
1573 2338 1675 2370 quem

977 2381 1127 2412 ablatum
1143 2379 1340 2421 devorabat,
1366 2383 1486 2412 narrat
1509 2379 1593 2411 Ant.
1619 2379 1675 2410 Li-

976 2430 1112 2462 ben-alis.

1019 2482 1083 2510 766
1106 2479 1274 2520 Indagine]
1298 2479 1375 2510 Hoc
1403 2482 1467 2519 est,
1490 2478 1675 2519 hominum,

977 2530 1165 2570 plagarum,
1195 2529 1329 2570 retium,
1369 2528 1586 2560 formidinum
1614 2528 1677 2560 cir-

978 2579 1173 2611 cumductu.

1020 2632 1083 2660 768
1106 2629 1202 2671 Lina]
1224 2630 1335 2662 Funes
1350 2638 1392 2660 ex
1406 2628 1486 2661 lino.
1519 2629 1678 2671 Metony·

978 2681 1045 2714 mia
1062 2685 1126 2713 est.
