1831 3023
562 229 1035 263 METAMonPHOSEoN
1069 228 1162 260 mn.
1197 229 1287 261 xn.
1543 221 1656 264 1543

204 326 260 368 Et
281 340 367 381 qua
387 332 511 382 parte
531 325 612 368 viri
630 329 726 366 est:
756 337 834 366 nec
853 325 957 379 equi
975 324 1191 367 mendosa
1207 323 1290 365 sub
1308 323 1388 365 illa

203 393 490 448 Deteriorque
507 393 601 434 viro
623 391 771 433 facies.
831 391 904 433 Da
921 393 1052 442 colla,
1073 395 1323 446 caputque:
1570 392 1656 433 400

202 458 386 501 Castore
407 461 562 514 dignus
579 459 673 500 erit.
733 458 809 499 Sic
831 464 993 512 tergum
1012 459 1180 509 sessile,
1201 458 1268 500 sic
1286 459 1402 500 stant

200 525 392 568 Pectora
406 527 525 569 celsa
543 526 675 568 toris:
704 528 821 567 totus
841 527 943 580 pice
962 527 1127 579 nigrior
1147 531 1257 569 atra.

200 591 401 634 Candida
421 593 564 634 cauda
582 596 749 634 tamen:
782 593 903 634 color
921 597 990 634 est
1010 605 1185 647 quoque
1202 593 1400 635 cruribus
1419 592 1560 635 albus.

200 657 359 701 Multae
380 660 502 700 illum
522 659 685 713 petiere
708 672 791 700 sua
812 659 865 700 de
885 664 1010 712 gente
1027 673 1038 710 3
1069 659 1146 700 sed
1166 673 1253 700 una

199 724 400 766 Abstulit
422 725 699 779 Hylonome:
731 738 820 780 qua
839 726 960 767 nulla
979 726 1183 767 nitentior
1203 727 1311 767 inter
1573 727 1659 769 405

199 791 438 833 Semiferos
459 793 561 833 altis
585 793 804 834 habitavit
822 793 1003 835 foemina
1023 792 1177 847 sylviS.

197 858 315 901 Haec
335 864 381 900 et
400 859 642 910 blanditiis,
663 865 705 902 et
725 859 928 910 amando,
950 864 997 902 et
1017 872 1161 901 amare
1180 859 1363 902 fatendo

196 924 407 979 Cyllaron
427 941 516 969 una
536 932 668 970 tenet.
731 928 888 970 Cultus
910 940 1084 982 quoque
1105 931 1294 982 quantus
1314 928 1360 969 in
1380 927 1469 970 illis

195 990 309 1035 Esse
328 998 474 1047 potest
491 996 694 1036 membris
715 1009 726 1047 3
753 999 802 1036 ut
823 996 881 1036 sit
901 1007 1030 1036 coma
1049 995 1220 1050 pectine
1240 995 1376 1037 levis:

197 1057 260 1100 Ut
279 1059 411 1101 modo
430 1073 527 1102 rore
548 1063 700 1112 maris,
722 1061 855 1103 modo
876 1075 923 1103 se
943 1062 1118 1103 violave
1137 1074 1292 1103 rosave
1574 1061 1658 1101 410

196 1125 404 1179 Implicet
421 1141 430 1168 :
462 1128 673 1169 interdum
695 1128 930 1169 candentia
947 1128 1042 1169 lilia
1062 1131 1227 1182 gestet:

195 1193 363 1247 Bisque
385 1194 455 1236 die
475 1195 617 1249 lapsis
638 1196 869 1249 Pagasaeae
891 1197 1055 1238 vertice
1078 1197 1216 1250 sylvae

195 1260 414 1304 Fontibus
433 1276 513 1304 ora
531 1263 672 1305 lavet:
702 1265 771 1305 bis
792 1263 969 1305 flumine
989 1277 1176 1318 corpora
1195 1263 1345 1317 tingat.

196 1327 311 1379 Nec,
333 1330 419 1370 nisi
442 1343 542 1384 quae
566 1330 768 1381 deceant,
790 1331 1118 1385 electarumque
1137 1331 1341 1379 ferarum,

192 1395 290 1437 Aut
309 1396 504 1447 humero,
525 1403 603 1438 aut
622 1398 744 1438 lateri
765 1398 1010 1451 praetendat
1030 1397 1193 1438 vellera
1211 1397 1340 1437 laevo.
1572 1398 1658 1438 415

194 1462 284 1504 Par
306 1476 429 1504 amor
447 1468 514 1504 est
534 1463 646 1505 illis:
678 1467 825 1504 errant
845 1464 888 1504 in
907 1463 1133 1504 montibus
1154 1475 1242 1504 una
1259 1477 1268 1504 :

189 1594 245 1625 :ab
273 1594 327 1624 illa
352 1593 474 1632 forma,
501 1597 557 1626 aut
581 1594 666 1636 peior
693 1595 823 1626 homine.
869 1594 980 1634 Λιϋίοσ
1006 1595 1117 1625 collum
1132 1597 1163 1625 et
1178 1596 1281 1634 caput,
1300 1592 1414 1632 dignus
1428 1593 1488 1624 erit
1507 1593 1637 1624 Castore
1650 1603 1660 1628 ,·

189 1637 238 1668 ita
252 1638 375 1668 dorsum
401 1637 519 1677 sessile,
543 1637 591 1668 ita
614 1640 696 1669 elata
716 1641 841 1678 pectora
853 1638 1023 1668 consistunt
1037 1637 1136 1673 terim
1158 1639 1243 1667 totus
1256 1635 1378 1676 nigrior
1389 1636 1460 1676 pice
1474 1639 1556 1666 atra.
1600 1637 1660 1667 At-

193 1682 295 1710 tamen
316 1681 415 1710 cauda
435 1680 504 1711 alba
516 1690 527 1716 ,·
549 1681 630 1711 color
657 1684 702 1712 est
731 1681 827 1711 etiam
856 1680 945 1711 albus
970 1679 1109 1720 pedibus.
1155 1678 1309 1709 Plarimae
1334 1679 1371 1709 de
1391 1682 1487 1717 gente
1501 1688 1558 1709 sua
1572 1678 1662 1709 illum

192 1725 378 1762 optaverunt
391 1733 403 1758 ,·
425 1724 478 1754 sed
501 1723 566 1753 solu
583 1722 755 1763 Hylonome
769 1723 858 1754 illum
873 1722 1014 1754 devinxit
1027 1732 1038 1758 ,·
1060 1731 1119 1761 qua
1133 1722 1217 1752 nulla
1224 1720 1357 1758 soemina
1364 1720 1535 1758 sornwsior
1546 1721 1662 1751 mansit

190 1763 275 1795 inter
290 1764 473 1796 eemibrutos
485 1765 516 1794 in
529 1766 657 1796 excelsis
667 1766 774 1806 sylvis.
791 1765 859 1796 Ista
874 1768 905 1796 et
921 1764 1040 1796 lenibus
1058 1763 1172 1802 verbis,
1183 1767 1213 1794 et
1228 1764 1372 1800 amando,
1390 1766 1422 1794 et
1436 1771 1540 1794 amare
1550 1771 1661 1802 agnos-

190 1808 284 1838 cendo
299 1808 364 1837 sola
381 1811 464 1838 tenet
483 1807 642 1848 Cyllaron.
687 1809 828 1839 Ornatus
843 1809 938 1839 etiam
953 1810 1084 1848 quantus
1099 1817 1161 1837 esse
1178 1807 1248 1837 iicet
1265 1806 1297 1836 in
1314 1806 1487 1837 istiusmodi
1509 1805 1639 1836 artabu
1649 1815 1661 1842 ,·

191 1852 226 1880 ut
238 1850 345 1890 captui
354 1850 418 1881 sint
425 1851 547 1890 pectine
558 1851 665 1889 nitidi,
678 1854 710 1882 ut
722 1861 801 1883 nunc
809 1861 841 1881 se
851 1851 999 1891 impediat
1011 1860 1080 1881 rore
1091 1850 1223 1886 marino,
1232 1859 1312 1880 nunc
1324 1849 1405 1880 viola
1417 1851 1469 1879 aut
1481 1858 1550 1879 rosa
1562 1858 1573 1884 ,·
1585 1857 1663 1878 non-

191 1893 440 1933 nunquamfcrat
453 1893 521 1924 lilia
532 1893 601 1923 alba
613 1904 623 1929 ;
637 1894 742 1934 bisque
750 1895 801 1925 die
811 1893 1040 1931 abluutsaciem
1051 1894 1090 1924 ad
1093 1892 1200 1930 fontes
1201 1892 1338 1933 fluentes
1349 1902 1389 1923 ea:
1401 1891 1557 1922 cacumine
1565 1891 1662 1931 sylva

192 1935 369 1974 Paguaeae,
381 1935 427 1966 bis
439 1936 519 1966 lavet
532 1937 783 1978 corpus-flumine
794 1948 804 1968 .·
827 1947 922 1977 neque
933 1939 1020 1975 tegat
1036 1939 1091 1966 aut
1109 1936 1248 1966 humeros
1256 1939 1310 1966 aut
1322 1936 1404 1967 latus
1417 1934 1581 1965 sinistrum
1596 1933 1660 1964 nisi

189 1978 320 2017 pellibus
323 1977 468 2016 serarum
483 1978 681 2010 delectarum.
713 1980 771 2011 Est
789 1980 850 2010 iuis
861 1989 947 2010 amor
962 1979 1089 2019 aqualis
1101 1989 1111 2015 ;
1133 1981 1289 2018 vagantur
1304 1988 1366 2009 una
1380 1988 1436 2019 per
1447 1980 1582 2008 montes:
1598 1985 1661 2007 una

802 2063 1041 2075 eeeeeeeeeeee

191 2125 254 2156 qua
277 2118 369 2156 parte
392 2116 441 2148 vir
460 2120 527 2148 cst.-
550 2117 582 2148 in
608 2117 810 2158 quibusdam
835 2120 939 2150 ctiam
965 2120 1008 2150 Et
1025 2128 1084 2159 qua
1104 2128 1136 2158 p.
1164 2127 1192 2149 v.
1209 2127 1236 2148 e.
1261 2116 1373 2155 vulga
1400 2116 1443 2146 Et
1472 2124 1660 2154 quacumque

191 2159 253 2189 vir.
269 2161 403 2190 e.--401
430 2159 532 2191 Multi
557 2159 670 2199 dignus
685 2165 774 2192 erat:
798 2162 919 2193 Heius.
938 2162 1026 2201 conj.
1040 2162 1208 2192 caſtr-40³
1230 2159 1314 2189 Tres
1331 2157 1466 2188 crinibus
1477 2157 1578 2193 albus,
1594 2166 1661 2188 non

191 2200 407 2240 improbante
426 2203 541 2233 Burm.
566 2207 603 2234 ut
619 2204 717 2235 cauda
732 2208 767 2235 et
787 2204 875 2245 juba
899 2204 975 2236 alba
1002 2203 1117 2234 suerit.
1164 2202 1211 2233 At
1228 2201 1391 2233 Centauri
1407 2209 1471 2231 non
1487 2198 1661 2231 habebant

186 2243 428 2283 jubam—⁴0⁴
454 2244 493 2275 In
511 2255 577 2276 uno
594 2246 716 2277 Heius.
746 2248 791 2279 iu.
817 2248 950 2288 cupiere,
973 2246 1061 2288 quod
1078 2246 1195 2276 Burni.
1218 2243 1356 2275 videtur
1372 2242 1557 2274 modestius
1575 2251 1661 2273 esse.

193 2288 298 2317 —405
326 2284 392 2316 Alii
409 2288 485 2318 null.
502 2288 675 2319 decentior.-
699 2290 814 2321 Burni.
831 2290 926 2322 dedit
941 2290 1092 2321 nitentior
1108 2298 1150 2319 ex
1169 2297 1220 2327 pr.
1240 2286 1367 2318 Arnnd.
1385 2286 1462 2317 Bas.
1478 2286 1609 2317 Thnan.
1625 2289 1661 2316 et

194 2327 326 2359 duobus
344 2329 535 2360 anim—406
569 2331 687 2363 Heius.
705 2332 800 2365 dedit
816 2344 857 2364 ex
876 2332 1071 2364 melioribus
1096 2330 1277 2370 Semiferos,
1293 2339 1354 2370 pro
1373 2330 1464 2368 vulg.
1480 2327 1661 2366 Sanisera.

191 2374 300 2402 —409
318 2371 468 2402 Berolin.
482 2376 562 2411 pecc.
578 2374 770 2406 lenia—411
793 2376 980 2412 candentia,
997 2385 1040 2406 ex
1058 2373 1256 2406 melioribus
1273 2372 1412 2409 Heius.;
1436 2371 1491 2402 aui
1507 2371 1660 2402 canentia.

192 2417 299 2446 —412
325 2414 393 2445 Alii
411 2415 565 2446 scribunt
581 2416 859 2453 Peuma—41³
884 2419 925 2450 ln
939 2418 1089 2449 Berolin.
1106 2418 1162 2448 hoc
1180 2426 1240 2457 pro
1257 2416 1420 2447 bia—415
1440 2414 1510 2445 Pro
1523 2414 1664 2444 Proeten·

193 2457 261 2496 dat,
280 2462 346 2488 tres
361 2461 548 2497 proetentat5
567 2459 724 2491 Heinsius
742 2461 880 2492 volebat
898 2464 1063 2501 proetentet
1078 2471 1088 2497 ,·
1111 2460 1155 2492 Ο.
1171 2459 1366 2500 praetendet;
1391 2462 1458 2489 tres
1470 2456 1662 2497 pretendit:

850 2558 988 2590 NOTAE

235 2633 298 2662 410
317 2629 398 2661 nm
414 2631 525 2673 nutis]
546 2632 762 2665 Rosmarinus
779 2638 814 2665 et
832 2643 899 2667 ron·
953 2634 1052 2670 Urbi.
1066 2633 1218 2665 fontibus
1233 2629 1432 2668 abundanti,
1448 2627 1579 2660 vicinae.

191 2680 359 2712 marinum
376 2691 510 2722 quoque
534 2682 680 2714 dicitur:
707 2684 763 2725 qui
783 2684 898 2717 frutex
995 2688 1057 2716 415
1088 2683 1223 2722 Vellera]
1260 2681 1386 2718 Penes,
1411 2679 1533 2721 quibus
1562 2678 1658 2711 niuis-

192 2736 244 2762 «δῖ
262 2730 380 2760 ‘lumbi
397 2740 460 2761 ⁰⁰¹¹
478 2730 610 2763 obviu⁵⁸·
955 2741 1043 2769 trum
1061 2737 1149 2768 latus
1166 2735 1294 2765 velasse
1310 2731 1409 2772 fingit
1426 2730 1549 2763 Poeta.

237 2783 299 2811 ⁴12
337 2780 514 2820 Pagarum]
549 2782 688 2824 Pugnis
711 2784 896 2817 'I'irensaliae
