1831 3023
169 238 285 281 1192
654 248 702 280 ι».
728 247 888 279 ovmu
921 246 1134 278 NAsoms

171 343 341 387 Retulit
359 344 570 397 exitium3
601 344 752 398 Satyri
768 343 1061 385 reminiscitur
1082 343 1212 384 alter:

172 412 320 464 Quem
338 412 590 455 Tritoniaca
609 412 774 453 Latous
794 411 1004 452 arundine
1026 413 1190 452 victum

170 479 337 523 Affecit
356 494 503 535 poena.
565 479 688 529 Quid
708 491 777 518 me
798 478 902 518 mihi
924 477 1146 518 detrahis‘l
1178 475 1331 529 inquit.
1538 472 1624 515 385

170 546 245 589 Ah
264 549 405 602 piget:
438 549 494 589 ah
513 560 601 587 non
625 549 704 596 est,
728 546 966 595 clamabat,
989 546 1098 586 tibia
1117 545 1250 586 tanti!

172 615 387 657 Clamanti
407 615 520 656 cutis
540 617 608 655 est
628 626 823 654 summos
845 613 1029 666 derepta
1050 625 1130 667 per
1151 616 1269 653 artus
1286 625 1295 653 :

172 682 272 724 Nec
293 683 545 737 quicquam,
566 682 654 722 nisi
673 682 833 723 vulnus
855 685 967 722 erat:
1000 695 1126 722 cruor
1145 680 1337 733 undique
1356 680 1530 720 manat:

173 750 435 803 Detectique
456 753 606 804 patent
624 749 771 790 nervi:
802 748 1070 802 trepidaeque
1092 748 1187 789 sine
1208 748 1300 788 ulla

172 816 297 858 Pelle
316 818 483 858 micant
502 830 653 857 venae:
684 815 889 856 salientia
907 817 1076 868 viscera
1093 815 1255 869 possis,
1541 813 1628 856 390

173 884 233 925 Et
251 886 528 938 perlucentes
546 896 770 925 numerare
789 884 835 924 in
856 888 1032 937 pectore
1052 884 1201 923 fibras.

173 951 306 993 Illum
325 953 544 1000 ruricolae,
566 952 786 1002 sylvarum
808 952 1001 1002 numina,
1025 951 1182 999 Fauni,

172 1018 232 1060 Et
253 1019 397 1073 Satyri
418 1019 589 1068 fratres,
611 1023 654 1061 et
673 1022 776 1060 tunc
799 1033 974 1073 quoque
996 1020 1138 1060 clarus
1161 1016 1394 1070 Olympus,

173 1085 232 1126 Et
254 1087 474 1141 Nymphae
495 1086 670 1128 flerunt:
700 1089 743 1127 et
762 1087 968 1141 quisquis
988 1087 1210 1128 montibus
1231 1085 1320 1124 illis

174 1152 501 1208 Lanigerosque
522 1167 686 1207 greges,
710 1159 991 1207 armentaque
1011 1156 1175 1194 bucera
1192 1152 1330 1204 pavit.
1543 1150 1632 1192 395

174 1220 352 1263 Fertilis
374 1222 620 1272 immaduit,
641 1221 978 1275 madefactaque
1000 1224 1115 1261 terra
1135 1217 1330 1259 caducas

175 1288 393 1342 Concepit
409 1289 644 1342 lacrymas,
667 1301 720 1329 ac
742 1288 867 1329 venis
889 1288 1082 1341 perbibit
1102 1289 1220 1329 imis.

176 1354 302 1405 Quas
323 1356 400 1397 ubi
419 1355 524 1397 fecit
544 1368 719 1409 aquam,
742 1367 909 1395 vacuas
931 1355 1079 1395 emisit
1100 1356 1143 1395 in
1167 1368 1312 1397 auras.

174 1524 357 1555 recordatur
379 1523 502 1565 Satyri,
518 1534 605 1564 quem
620 1523 737 1554 Latous
759 1522 918 1554 mulctat-it
934 1523 1082 1563 supplicio
1101 1526 1262 1564 postquam
1278 1524 1365 1554 illam
1380 1523 1504 1554 vicisset
1518 1523 1635 1555 calamo

179 1567 366 1598 Tritoniaco.
412 1567 628 1605 Quamobrem,
652 1566 711 1605 ait,
737 1575 784 1602 me
799 1565 875 1596 mila·
890 1564 1052 1605 surripis?
1096 1567 1148 1597 Ah
1160 1567 1291 1606 poenitet
1302 1577 1312 1596 .-
1329 1567 1380 1603 αΙι,
1397 1565 1636 1607 vociferabatur,

167 1610 280 1651 fistula
295 1619 355 1641 non.
367 1612 412 1641 est
428 1609 535 1641 tanti!
568 1609 659 1639 Cutis
672 1612 719 1639 est
733 1608 837 1639 ablata
850 1608 1035 1647 vociferanti
1049 1608 1087 1639 ab
1103 1609 1252 1640 extremis
1275 1609 1437 1640 membris.-
1460 1619 1554 1650 neque
1567 1613 1637 1640 erat

176 1653 337 1694 quicquam
360 1653 423 1684 nisi
446 1653 552 1692 plaga.
597 1651 735 1689 Sanguis
749 1651 829 1691 fluit
844 1660 884 1682 ex
899 1651 980 1681 omni
994 1654 1096 1691 parte,
1119 1655 1150 1682 et
1171 1653 1258 1682 nervi
1277 1652 1386 1683 nudati
1411 1655 1584 1692 apparent,·
1606 1655 1637 1684 et

175 1705 261 1727 venae
277 1699 444 1727 trementes
464 1695 529 1725 sine
550 1694 614 1724 ulla
639 1697 707 1724 cute
733 1694 862 1725 saliunt.
907 1693 1015 1724 Liceat
1039 1704 1202 1725 numerare
1221 1695 1394 1734 proecoraia
1422 1695 1582 1732 micantia,
1605 1697 1636 1725 et

166 1737 273 1780 fibras
285 1739 479 1778 splendentes
493 1737 527 1767 in
539 1740 675 1776 pectore.
723 1736 827 1767 Fauni
837 1740 988 1775 agrestes,
1007 1737 1066 1767 Dii
1088 1747 1257 1775 nemorum,
1279 1740 1309 1766 et
1322 1736 1446 1774 fratres
1469 1736 1591 1778 Satyri,
1606 1740 1638 1768 et

181 1782 330 1821 Olympus
343 1783 417 1811 tanc
432 1780 527 1810 etiam
542 1779 686 1816 illustris,
702 1782 732 1809 et
749 1779 904 1819 Nympha>
920 1779 1077 1815 luxerunt,
1094 1782 1124 1809 et
1139 1779 1274 1819 quisquis
1286 1779 1375 1819 pacit
1387 1788 1500 1818 greges
1522 1779 1639 1819 lanige-

175 1833 226 1852 ros
241 1827 271 1854 et
285 1826 427 1853 armenta
454 1825 582 1853 cornuta
603 1822 637 1852 in
660 1820 722 1852 illis
742 1821 906 1851 montibus.
952 1821 1048 1852 Terra
1057 1821 1156 1859 seraa:
1171 1823 1307 1861 irrigata
1322 1825 1378 1860 est,
1393 1825 1423 1852 et
1437 1822 1575 1861 irrigata
1590 1831 1640 1853 re-

177 1866 277 1897 tinuit
292 1867 445 1907 lacrymas
467 1866 622 1905 cadentes,
638 1874 674 1895 ac
688 1864 843 1895 absorbuit
864 1863 1032 1904 profundis
1055 1864 1213 1895 meatibus.
1260 1865 1344 1900 Quas
1360 1864 1502 1903 ubisecit
1515 1874 1638 1906 aquam,

789 1969 1025 1982 eeeeeeeeeeee

181 2038 288 2067 -384
311 2035 442 2067 Strozz.
461 2036 516 2067 Tr.
541 2035 653 2066 Latois
665 2046 678 2073 ;
700 2035 780 2067 Pat.
795 2035 913 2067 Latos:
938 2035 1058 2066 Heius.
1077 2034 1162 2076 conj.
1179 2034 1421 2066 Latoos:-385
1446 2034 1543 2067 Idem
1560 2036 1637 2078 Affi-

180 2079 225 2110 cit
253 2082 288 2109 ut
312 2081 523 2118 pamm—386
546 2078 698 2108 Berolin.
722 2079 771 2108 ita
797 2088 859 2118 pro
874 2078 962 2109 ahin
987 2082 1132 2118 utroque
1159 2079 1242 2110 loco.
1270 2078 1390 2108 Heius.
1415 2087 1502 2108 corr.
1526 2089 1586 2109 non
1609 2089 1640 2110 es

179 2121 258 2153 mihi
284 2121 363 2152 tibia
390 2121 590 2152 tanti.—387
614 2120 756 2161 Derepta
771 2130 815 2151 ex
842 2120 962 2151 Heius.
989 2120 1048 2150 alii
1074 2120 1317 2160 direpta—390
1341 2121 1424 2151 Pell.
1441 2120 1537 2152 livent
1553 2131 1639 2153 unus

182 2164 329 2203 Heinsii,
352 2163 408 2204 qui
437 2163 515 2194 inde
532 2163 619 2203 conj.
646 2163 774 2203 liquent.
815 2162 952 2193 Deinde
980 2163 1079 2194 Cant.
1106 2163 1240 2194 sidentia
1264 2163 1500 2194 viscera—393
1526 2164 1577 2194 Fl.
1607 2164 1640 2196 S.

181 2207 293 2237 Marci
308 2216 399 2236 caras
417 2207 541 2246 Olymp.
564 2206 681 2236 Burm.
698 2205 786 2245 conj.
803 2208 833 2236 et
849 2208 884 2236 ta
897 2215 1013 2246 qaoque
1022 2215 1124 2245 caras,
1143 2206 1284 2247 Olympe.
1310 2206 1350 2236 In
1365 2206 1439 2237 Pal.
1456 2211 1492 2237 et
1503 2205 1638 2237 Bersm.

181 2250 267 2281 Mss.
290 2249 386 2280 celsus
409 2249 677 2289 Olympus—398
701 2247 824 2288 Aquam
850 2257 892 2278 ex
919 2248 1139 2286 melioribus;
1165 2249 1254 2289 vulg.
1281 2258 1387 2289 aquas.
1410 2248 1469 2279 Pr.
1496 2249 1586 2281 Mor.
1602 2254 1639 2281 et

839 2366 979 2399 NOTAE

222 2468 284 2497 383
308 2465 433 2507 Satyri]
455 2464 604 2504 Marsiae,
618 2464 760 2503 scilicet,
780 2474 879 2506 quem
935 2464 1089 2505 Marsyas
1104 2463 1244 2494 invenit.
1291 2462 1407 2503 Usque
1421 2460 1506 2493 adeo
1523 2465 1639 2493 autem

181 2516 368 2548 certamine
394 2516 521 2547 victum
537 2515 661 2557 Apollo
686 2516 827 2547 Latonae
842 2515 879 2546 fi-
935 2515 1009 2556 ejus
1027 2524 1109 2546 sono
1134 2513 1197 2544 sibi
1224 2513 1367 2553 placuit,
1390 2516 1428 2543 ut
1443 2511 1639 2553 Apollinem

180 2569 244 2599 lias
261 2567 460 2599 excoriavit.
934 2567 1041 2606 ipsum
1058 2565 1100 2596 ad
1113 2564 1249 2595 musicae
1263 2567 1435 2595 certamen
1452 2572 1639 2604 provocare

224 2621 287 2651 384
329 2617 510 2650 Tritoniaca
545 2617 711 2658 arundine]
748 2617 879 2649 Tibiam
935 2625 1034 2647 ausus
1049 2614 1165 2646 fuerit.

181 2670 277 2710 dicit,
302 2679 403 2711 quam
427 2679 447 2700 a
469 2669 612 2700 Pallade
631 2669 796 2709 Tritonia,
821 2678 882 2712 sea
980 2668 1042 2697 393
1067 2663 1231 2705 Olympus]
1254 2663 1321 2698 Qui
1336 2663 1475 2695 Marsiae
1488 2661 1555 2696 fuit
1573 2662 1638 2696 dis-

181 2720 222 2752 ad
235 2720 407 2751 Tritonem
418 2718 577 2760 paludem
592 2723 686 2758 nata,
700 2718 884 2759 inventam,
936 2717 1080 2758 cipulus.

183 2770 306 2801 deinde
322 2770 363 2801 ab
377 2769 495 2801 eadem
511 2769 713 2810 projectam,
729 2769 817 2810 qnod
836 2769 883 2801 in-
979 2770 1041 2798 395
1078 2765 1229 2798 Armenta
1254 2763 1377 2805 bucera]
1407 2765 1519 2796 Boves
1541 2764 1638 2806 dicit,

182 2820 294 2852 flando
329 2831 403 2852 sese
447 2819 631 2851 deformari
669 2819 883 2861 advertisset,
937 2817 985 2849 illi
1001 2817 1090 2849 enim
1107 2825 1233 2848 cornua
1249 2819 1372 2856 gerunt
1388 2814 1524 2847 bubula.
