1831 3023
224 181 341 223 1344
711 195 752 224 ι’.
784 193 943 224 ovinn
975 192 1188 224 NASOMS

227 286 549 341 Praebebatque
571 289 702 329 avido
721 302 808 329 non
823 289 945 343 justa
966 288 1173 330 alimenta
1193 289 1375 342 parenti.

226 353 312 394 Vis
333 358 479 394 tamen
499 355 575 396 illa
589 357 691 396 mali
710 362 949 409 postquam
969 360 1270 396 consumserat
1290 368 1462 396 omnem

228 419 477 470 Materiam,
499 423 760 475 dederatque
782 425 903 474 gravi
924 436 1039 462 nova
1057 422 1219 475 pabula
1239 423 1394 463 morbo
1411 435 1422 474 3

215 487 330 541 -.Ipse
345 502 446 529 suos
464 495 581 528 artus
601 489 745 528 lacero
768 488 976 528 divellere
998 501 1145 530 morsu

228 554 392 607 Coepit,
415 560 458 595 et
478 554 631 594 infelix
651 553 884 593 minuendo
905 566 1063 607 corpus
1085 555 1243 595 alebat.

227 620 345 671 Quid
363 633 507 659 moror
528 619 757 659 externis?
790 620 922 660 etiam
944 620 1046 659 mihi
1067 633 1188 674 saepe
1209 621 1404 662 novandi
1595 650 1599 653 ,

225 686 445 739 Corporis,
469 699 495 725 o
510 685 714 739 juvenes,
734 699 910 726 numero
930 687 1052 726 finita
1072 693 1287 740 potestas,
1589 688 1676 730 880

225 752 344 793 Nam
365 752 511 801 modo,
532 752 653 805 quod
685 767 798 794 nunc
829 767 941 804 sum,
974 753 1149 796 videor:
1180 755 1311 796 modo
1342 756 1492 796 flector
1520 755 1563 797 in
1599 767 1675 796 an-

222 825 230 827 “
337 831 484 871 guem:

222 889 416 930 Armenti
435 889 564 929 modo
587 889 680 930 dux
695 890 816 931 vires
837 891 881 930 in
901 903 1066 931 cornua
1086 903 1228 933 sumo.

222 955 414 1004 Cornua,
439 955 541 995 dum
563 956 687 1008 potui
705 969 715 996 t
746 969 859 997 nunc
881 970 982 1010 pars
1005 961 1122 998 caret
1142 958 1276 999 altera
1294 959 1384 1000 telo

224 1023 411 1072 Frontis,
433 1027 483 1063 ut
498 1024 593 1076 ipse
615 1023 754 1065 vides.
815 1024 1017 1065 Gemitus
1039 1037 1121 1066 sua
1140 1026 1275 1066 verba
1295 1027 1445 1067 secuti.

1589 356 1674 400 875

219 1146 448 1177 nonnunquam,
472 1137 629 1169 interdum
645 1149 750 1170 cervus
764 1139 949 1177 discedebat,
965 1143 994 1171 et
1010 1139 1170 1170 exhibebat
1185 1140 1266 1171 cibos
1282 1141 1413 1179 injustos
1420 1139 1567 1178 famelico
1578 1141 1676 1180 patri.

224 1179 391 1220 Postquam
408 1183 510 1211 tamen
537 1181 589 1211 illa
615 1182 713 1212 morbi
737 1183 838 1213 rabies
863 1183 1047 1213 exhauserat
1070 1192 1188 1212 omnem
1201 1183 1332 1222 copiam,
1359 1187 1450 1222 atque
1465 1186 1594 1213 auxerat
1612 1184 1677 1214 vim

222 1224 336 1252 atrocis
350 1223 422 1252 mali
437 1234 449 1260 ;
466 1223 529 1263 ipse
545 1226 670 1264 occoepz't
685 1225 855 1265 discerpere
871 1235 925 1255 sua
938 1225 1070 1255 membra
1086 1235 1188 1254 morsu
1203 1225 1317 1263 voraci,
1334 1229 1363 1255 et
1379 1225 1471 1255 miser
1484 1225 1677 1257 sustentabat

223 1274 330 1304 corpus
345 1267 538 1295 destruendo.
587 1267 792 1300 Quamobrem
816 1268 914 1298 hcm-eo
939 1267 970 1297 in
997 1265 1130 1297 alienis?
1176 1267 1260 1297 Milli
1276 1277 1388 1307 quoque
1411 1271 1456 1298 est
1482 1267 1528 1298 vis
1551 1277 1676 1298 numero

223 1310 341 1336 statuta
355 1317 435 1346 ssepe
452 1309 590 1338 mutandi
606 1310 751 1348 corporis.
799 1310 883 1340 Nam
906 1310 1068 1349 aliquando
1091 1309 1260 1348 conspicior
1285 1311 1364 1349 quod
1387 1320 1466 1340 nunc
1490 1320 1582 1346 semu
1596 1320 1676 1341 mmo

224 1352 327 1378 vertor
354 1350 387 1380 in
410 1353 599 1389 serpentem:
623 1362 703 1382 nunc
730 1353 794 1382 dux
820 1353 952 1382 armenti
977 1352 1069 1382 induo
1096 1352 1178 1381 vires
1203 1352 1234 1382 in
1259 1362 1391 1383 cornua:
1414 1362 1527 1383 cornua
1541 1352 1677 1392 quandiu

223 1390 331 1421 licuit.-
355 1401 432 1421 num:
444 1402 518 1431 pars
533 1393 721 1431 unufroutis
734 1394 867 1433 spoliala
882 1398 928 1424 est
943 1394 1037 1424 armis
1052 1394 1133 1432 suis,
1158 1397 1192 1424 ut
1209 1394 1271 1434 ipse
1287 1396 1396 1425 cernis.
1445 1395 1589 1425 Gemitus
1603 1398 1675 1425 sunt

222 1434 318 1464 secuti
334 1443 429 1464 voces.

831 1496 1062 1509 ‘Maxumas‘

223 1552 418 1583 aliis.-—876
442 1553 524 1584 Lov.
551 1554 776 1593 dederantque;
800 1554 888 1584 unde
912 1553 1027 1583 Burni.
1054 1553 1246 1593 deeraneque.
1289 1554 1370 1584 Tres
1397 1553 1472 1584 libri
1498 1555 1579 1585 mala
1602 1554 1674 1594 pab.

223 1595 322 1625 Alter
350 1595 481 1625 Erfurt.
515 1595 583 1635 pub.
607 1599 865 1626 -monstm—-Sw
897 1596 956 1626 Pr.
989 1595 1093 1626 Gron.
1124 1600 1160 1626 et
1190 1605 1286 1626 unus.
1313 1596 1388 1626 Par.
1417 1606 1490 1627 mor.
1515 1597 1673 1635 exemplis.

225 1636 384 1668 Heidelb.
407 1637 511 1668 habet
529 1648 594 1667 nor.
617 1641 781 1668 esu—880
807 1638 850 1668 O.
868 1642 902 1668 et
920 1642 988 1668 tres
1002 1637 1056 1666 alii
1073 1647 1153 1667 num.
1167 1637 1409 1678 infinita—881
1439 1639 1529 1673 Quod
1554 1638 1674 1669 Heius.

223 1680 371 1718 protulit
383 1689 430 1709 ex
448 1689 498 1719 pr.
523 1680 628 1709 Gron.
654 1690 703 1718 pr.
733 1678 864 1709 Erfurt.
892 1684 926 1709 et
954 1679 1082 1709 duobus
1109 1679 1202 1715 aliis3
1226 1680 1314 1719 vulg.
1337 1680 1400 1719 qui.
1446 1681 1540 1710 Unus
1571 1681 1672 1711 etiam

223 1721 343 1751 Heius.
364 1725 466 1751 mutor
480 1722 512 1750 in
523 1731 617 1759 ang-u.
635 1721 741 1751 Gron.
766 1723 984 1751 verton—883
1011 1721 1099 1750 Dum
1113 1722 1201 1760 potui
1229 1721 1346 1752 Heius.
1364 1721 1459 1752 dedit
1474 1731 1515 1752 ex
1531 1722 1618 1753 Exc.
1642 1723 1672 1754 Ι.

224 1763 272 1792 Fl.
287 1763 321 1793 S.
337 1763 460 1799 Marci,
476 1764 518 1793 N.
534 1773 600 1793 sec.
620 1764 713 1793 Med.
730 1768 764 1793 et
782 1762 914 1793 Arund.
927 1773 1001 1793 cum
1018 1762 1090 1792 aliis
1105 1763 1303 1803 quibusdam
1318 1774 1326 1801 ;
1349 1764 1439 1800 vulg.
1463 1764 1577 1794 sumsi:
1599 1764 1675 1796 Bri-

223 1805 318 1842 antii,
336 1809 412 1835 tert.
433 1805 528 1836 Med.
544 1810 579 1835 et
595 1815 662 1836 sec.
678 1806 720 1836 V.
734 1805 937 1844 gessa—884
963 1805 1028 1836 Sua
1044 1810 1097 1835 est
1119 1814 1160 1835 ex
1187 1805 1319 1836 emend.
1338 1805 1458 1836 Heius.
1484 1805 1574 1847 quod
1588 1806 1672 1839 Cod.

223 1847 495 1878 Zulichmniauus
511 1847 708 1886 confirmat;
732 1857 817 1879 unus
838 1848 935 1879 Med.
950 1847 1031 1878 sibi:
1057 1847 1140 1887 vulg.
1163 1850 1246 1878 sunt.

876 1937 1016 1969 NOTAE

220 2002 390 2043 ficia,quae
402 2007 515 2034 tamen
525 2003 657 2034 illibata
670 2004 748 2035 vitae
761 2003 918 2035 castitate

217 2052 285 2082 sint
309 2054 513 2093 prmstanda,
531 2055 647 2084 volunt
663 2054 819 2094 intelligi.
855 2054 917 2084 At-

217 2111 283 2142 que
300 2103 456 2142 equidem
472 2113 566 2133 suum
595 2114 688 2134 usum
711 2108 852 2144 possunt
866 2104 916 2133 11ae

219 2161 334 2182 omnes
349 2153 472 2183 habere
490 2154 746 2192 explicationes,

260 2204 322 2232 8-74
350 2201 532 2242 Nonjusta]
568 2202 657 2233 Quia
671 2202 747 2232 dolo
770 2203 857 2233 malo
881 2206 918 2233 et

214 2251 313 2282 furtis
327 2251 481 2291 quaesita.

258 2305 320 2333 878
328 2301 459 2342 Infelix]
469 2300 695 2333 Quamobrem
706 2301 916 2332 atrocissimo

217 2350 383 2391 supplicio
405 2354 590 2381 mactatum
608 2350 743 2390 impium
770 2350 915 2381 Erisich-

217 2401 353 2432 thonem
379 2399 488 2439 po'etae
511 2398 552 2428 ad
575 2404 729 2438 posteros
747 2400 916 2429 transmis-

216 2450 613 2489 erint,supervacaneum
624 2453 675 2479 est
684 2448 807 2479 dicere.
825 2449 914 2480 Illud

215 2499 324 2539 magis
334 2498 833 2537 annotandum,Erisiclithones
843 2510 915 2531 esse

208 2539 406 2590 ⁶quicunque
437 2549 546 2578 ventri
577 2547 683 2578 dediti
713 2558 779 2579 nou
814 2550 913 2580 alium

217 2597 297 2628 vitae
314 2596 426 2636 finem,
441 2607 504 2628 non
528 2599 626 2628 alium
644 2608 741 2638 quam
760 2599 913 2638 volupta-

220 2653 288 2679 tem
302 2648 414 2679 Deum
431 2653 639 2688 agnoscuut3
679 2660 760 2690 quos
777 2649 910 2690 quidem

216 2709 276 2729 sua
285 2698 432 2739 ingluvIe
443 2699 528 2729 male
538 2699 715 2738 perituros,
723 2704 795 2730 utut
805 2700 913 2740 ipsum

219 2751 370 2780 ventrem
399 2749 494 2780 Deus
524 2758 590 2779 non
622 2748 824 2789 destrueret,
860 2759 913 2779 res

972 2003 1044 2042 ipsa
1071 2001 1286 2033 vociferatur.
1330 2001 1442 2031 Multa
1462 2000 1611 2040 insuper·²
1633 2005 1672 2032 ut

972 2062 1036 2082 non
1053 2052 1147 2082 unius
1164 2051 1296 2091 generis
1318 2060 1388 2080 esse.
1404 2060 1487 2091 quos
1508 2060 1670 2082 vanarum

972 2111 1080 2131 rerum
1098 2099 1202 2130 fames
1214 2099 1428 2139 inexplebilis
1438 2109 1502 2130 non
1517 2099 1589 2131 sine
1602 2101 1670 2131 Dei

971 2154 1141 2180 contemtu
1163 2155 1331 2190 torquear,
1354 2149 1435 2180 mihi
1457 2155 1571 2181 essent
1597 2160 1673 2191 pro-

972 2198 1132 2229 ferenda:
1173 2200 1233 2230 sed
1261 2198 1486 2238 admonuisse,
1509 2200 1576 2240 pio,
1600 2201 1671 2240 qui,

972 2248 1032 2278 nisi
1063 2249 1181 2278 sumini
1204 2248 1281 2278 boni
1306 2252 1340 2278 et
1370 2248 1435 2278 Dei
1458 2258 1574 2288 causa,
1597 2258 1669 2280 rem

970 2297 1095 2327 nullam
1110 2301 1219 2335 curat,
1235 2297 1315 2328 satis
1332 2296 1448 2328 fuerit.

1012 2352 1074 2379 879
1089 2348 1210 2388 Moror]
1229 2348 1409 2383 Achelous,
1423 2348 1465 2379 de
1481 2358 1546 2390 quo
1555 2359 1668 2390 supra,

967 2399 1130 2429 Theseum
1148 2403 1183 2429 et
1199 2399 1354 2439 Lelegem
1368 2398 1561 2439 alloquitur.

1011 2452 1072 2479 880
1097 2448 1248 2488 Numero]
1264 2449 1425 2479 Ternario
1439 2457 1559 2488 nempe
1573 2458 1581 2487 ;
1599 2452 1666 2480 non

968 2499 1054 2529 enim
1081 2499 1279 2540 quamlibet,
1303 2503 1342 2529 ut
1357 2498 1425 2539 alii,
1437 2498 1495 2529 sed
1510 2499 1667 2539 hominis,

968 2549 1133 2587 draconis,
1158 2549 1242 2579 tauri
1271 2548 1415 2588 denique
1445 2553 1575 2580 tantum
1600 2547 1668 2581 for·

967 2609 1052 2629 niam
1075 2599 1238 2629 Achelous
1253 2597 1381 2629 fatetur
1396 2597 1556 2630 induisse.
1648 2640 1652 2643 Ι

1011 2653 1071 2680 883
1105 2649 1189 2688 Telo]
1233 2649 1345 2679 Cornu
1375 2649 1541 2690 nimirum,
1575 2647 1665 2690 quod

967 2700 994 2731 Α
1002 2701 1120 2731 cheloo
1129 2700 1278 2731 Achilles
1288 2700 1424 2742 eripuit,
1432 2701 1513 2732 utin
1524 2709 1664 2742 sequen-

968 2751 1054 2783 tibus
1071 2751 1267 2783 videbimus.
1647 2753 1652 2755 ’
