1831 3023
539 256 1011 289 METAMORPHOSEON
1045 259 1139 290 Lm.
1172 259 1284 290 xm.
1530 254 1641 296 1573

190 353 441 408 Expectata
460 351 548 401 diu,
567 349 700 398 nulla,
721 355 799 390 aut
820 352 1030 393 contraria
1050 353 1201 403 classi,

191 419 393 462 Flamina
411 423 537 460 sunt:
568 417 774 468 duraeque
788 417 943 470 jubent
962 417 1292 471 Agamemnona
1311 420 1451 461 sortes

188 486 454 528 Immeritam
473 497 606 526 saevae
627 485 773 523 natam
794 487 986 524 mactare
1011 484 1189 527 Dianae.
1550 485 1634 528 185

186 552 384 606 Denegat
404 554 486 593 hoc
508 549 685 604 genitor,
706 548 926 603 Divisque
948 551 1149 592 irascitur
1168 551 1282 604 ipsis
1300 566 1310 593 ε

183 621 330 673 Atque
350 621 395 660 in
415 632 513 672 rege
533 622 676 659 tamen
694 621 819 669 pater
839 622 920 658 est.
981 617 1077 670 Ego
1097 619 1201 659 mite
1223 618 1416 672 parentis

185 686 410 740 Ingenium
432 685 579 726 verbis
600 684 655 724 ad
674 684 858 738 publica
877 685 1108 725 commoda
1129 686 1252 726 verti'.

181 753 313 795 Nunc
334 753 532 806 equidem
551 752 705 801 fateor,
721 750 930 804 fassoque
947 751 1367 810 ignoscat·Atrides;

180 819 417 861 Difficilem
438 820 554 860 tenui
572 820 653 859 sub
675 819 828 871 iniquo
838 818 989 871 judice
1005 831 1201 860 causam.
1548 819 1632 862 190

177 886 312 928 Hunc
333 890 476 927 tamen
498 885 663 926 utilitas
684 884 853 938 populi,
872 884 1118 938 fratrisque,
1141 886 1318 940 datique

177 952 359 994 Summa
380 957 525 994 movet
546 953 724 1005 sceptri,
746 951 920 991 laudem
943 956 989 992 ut
1009 965 1108 992 cum
1129 956 1338 1006 sanguine
1358 959 1524 1008 penset.

175 1016 329 1061 Mittor
347 1026 390 1060 et
410 1019 465 1059 ad
487 1023 666 1058 matrem
686 1032 695 1058 :
726 1030 825 1070 quae
844 1030 932 1058 non
949 1018 1173 1069 hortanda,
1193 1019 1271 1061 sed
1292 1027 1392 1062 astu

173 1086 456 1139 Decipienda
475 1086 572 1126 fuit.
632 1083 734 1134 Quo
755 1084 793 1124 si
809 1084 1092 1126 Telamonius
1115 1087 1236 1136 isset,

174 1151 295 1194 Orba
315 1154 409 1193 suis
430 1158 578 1194 essent
595 1152 834 1192 etiamnum
854 1152 989 1192 lintea
1010 1153 1167 1195 ventis.
1543 1156 1628 1199 195

172 1218 327 1262 Mittor
347 1226 391 1261 et
409 1220 573 1262 Iliacas
595 1219 743 1260 audax
763 1223 911 1260 orator
932 1220 987 1260 ad
1010 1232 1136 1261 arces
1156 1235 1164 1261 :

170 1284 370 1340 Visaque
391 1292 433 1328 et
450 1288 614 1327 intrata
632 1290 700 1327 est
720 1286 822 1327 altae
842 1286 946 1326 mihi
968 1288 1091 1327 curia
1111 1287 1278 1341 Trojae.

169 1352 399 1407 Plenaque
422 1354 564 1396 adhuc
587 1360 679 1395 erat
699 1353 775 1394 illa
797 1354 916 1393 viris.
974 1353 1204 1396 Interritus
1223 1355 1308 1407 egi,

164 1483 256 1504 nates
272 1474 472 1513 impleverunt
492 1474 636 1504 Aulidem
655 1472 831 1508 Euboicam,
850 1471 934 1502 venti
960 1472 1013 1502 diu
1039 1472 1206 1512 expectati,
1229 1475 1283 1502 aut
1302 1471 1380 1502 nulli
1400 1475 1482 1509 sunt,
1499 1476 1552 1504 aut
1567 1474 1622 1504 ad-

163 1517 245 1546 tersi
259 1515 385 1546 navibus
396 1527 406 1546 .-
430 1519 460 1546 et
481 1516 616 1546 crudelia
631 1515 754 1545 oracula
780 1515 884 1544 volunt
899 1515 1162 1551 Agamemnonem
1184 1515 1342 1545 immolare
1358 1513 1488 1552 insensoe
1504 1516 1620 1546 Dianae

153 1558 259 1598 filiam
275 1559 468 1588 immeritam.
514 1558 615 1588 Pater
638 1558 722 1587 istud
746 1560 890 1592 recusam
913 1559 1004 1596 atque
1029 1558 1174 1587 adversus
1194 1557 1278 1587 Deos
1304 1557 1385 1596 ipsos
1408 1557 1566 1596 insurgit:
1588 1561 1620 1590 et

163 1603 264 1631 tamen
277 1610 389 1640 parens
405 1604 449 1631 est
463 1601 493 1631 in
506 1609 588 1639 rege.
627 1600 696 1637 Ego
713 1600 851 1630 oratione
866 1599 996 1637 compuli
1013 1600 1110 1630 lenem
1125 1601 1262 1629 animum
1276 1599 1377 1638 patris
1391 1600 1431 1629 ad
1446 1601 1619 1632 communia

161 1644 324 1673 commoda.
372 1643 463 1673 Nunc
484 1643 622 1681 equidem
647 1651 791 1679 agnosco,
805 1645 898 1680 alque
914 1641 1045 1671 Atrides
1063 1644 1173 1680 part-al
1195 1641 1377 1681 confitenti,·
1401 1641 1520 1672 obtinui
1546 1652 1618 1673 cau-

160 1693 227 1714 sam
242 1685 396 1725 difficilem
410 1684 579 1723 subjudice
590 1685 728 1714 adeerso.
777 1684 928 1713 Allanien
944 1684 1098 1713 commoda
1111 1683 1227 1722 populi,
1243 1682 1397 1721 etfrater,
1410 1687 1440 1713 el
1448 1685 1619 1716 auctoritas

159 1727 264 1757 collati·
278 1727 391 1765 sceptri
406 1727 492 1757 illam
507 1729 625 1764 (augit,
643 1728 675 1755 ul
693 1726 845 1765 expendat
867 1724 1001 1762 gloriam
1021 1725 1181 1763 sanguine.
1228 1725 1344 1755 Mittor
1365 1725 1459 1755 eliam
1474 1727 1515 1756 ad
1525 1727 1617 1765 geni-

159 1768 269 1799 tricem
284 1780 293 1803 ,·
315 1779 381 1808 quae
398 1779 455 1798 nnn
464 1769 530 1804 suil
549 1768 732 1805 inducenda,
753 1768 805 1797 sed
818 1766 970 1804 fallenda.
1017 1768 1084 1802 Quo
1100 1767 1127 1797 si
1152 1767 1343 1797 Telamonius
1358 1766 1475 1807 ivisset,
1489 1768 1618 1801 carbasa

158 1812 326 1841 etiamnum
334 1810 443 1846 forent
460 1811 611 1841 destituta
625 1810 725 1840 reneis
737 1809 890 1840 secundis.
937 1809 1053 1839 Mittor
1067 1809 1162 1839 etiam
1174 1812 1279 1839 orator
1295 1809 1468 1849 intrepidus
1481 1812 1522 1840 ad
1533 1820 1618 1843 arces

163 1853 309 1890 Troianas
321 1864 330 1882 :
354 1856 383 1884 el
395 1854 467 1884 aula
482 1853 620 1893 superba*
639 1852 739 1890 ijoe
755 1862 774 1882 a
789 1862 835 1882 me
848 1854 894 1882 est
907 1854 1044 1892 spectata
1055 1855 1084 1882 el
1099 1855 1271 1891 peuelrala.
1316 1852 1418 1892 Atque
1434 1856 1501 1883 erat
1517 1853 1616 1884 adhuc

768 1935 1003 1947 eeeeeeeeeeee

159 1992 219 2020 181
244 1989 324 2021 Sunt
339 2000 380 2022 ex
397 1991 568 2022 nonnullis
595 1995 681 2021 voit.
709 1990 862 2030 reposuit
888 1990 1006 2020 Heins.
1026 1998 1088 2030 pro
1108 1990 1199 2030 vulg.
1215 1993 1317 2021 erant.
1363 1989 1447 2021 Mox
1470 1993 1617 2030 quatuor

154 2032 231 2062 libri
246 2034 500 2072 diraeque—159
525 2034 593 2064 Pro
620 2034 711 2063 Nunc
733 2042 783 2073 pr.
815 2032 888 2063 Pal.
919 2033 1017 2063 Cant.
1045 2042 1096 2072 pr.
1126 2033 1165 2063 V.
1195 2038 1229 2063 et
1253 2033 1332 2063 Bas.
1361 2038 1396 2063 et
1425 2032 1539 2070 plures
1556 2032 1614 2063 alii

156 2073 271 2105 Hanc.-
294 2079 363 2105 tres
395 2075 475 2106 Hoc.
501 2075 617 2106 Heius.
648 2080 758 2114 putat,
788 2075 878 2105 Nunc
904 2075 1065 2114 (equidem
1084 2073 1204 2113 faleor,
1231 2074 1316 2113 etc.)
1353 2074 1522 2115 Difficilem
1544 2078 1615 2105 l.—

154 2118 213 2147 191
239 2116 529 2157 Vulg.sralerque:
563 2118 652 2157 quod
682 2124 717 2148 et
748 2117 921 2148 revocavit
950 2117 1248 2148 Mitscherl.—192
1274 2117 1389 2155 Multi,
1407 2119 1491 2147 Cura
1515 2120 1614 2147 movet

151 2159 276 2197 sceptri,
292 2169 366 2200 qua:
384 2160 531 2190 varietas
547 2160 649 2190 etiam
672 2160 763 2190 Fast.
781 2169 814 2190 v.
832 2163 882 2191 72.
901 2160 1014 2189 Burni.
1041 2158 1148 2197 addit,
1176 2159 1224 2189 ita
1250 2168 1356 2189 curam
1383 2168 1444 2198 pro
1470 2158 1614 2198 imperio

153 2200 276 2231 millies
302 2202 498 2241 poni.—193
522 2203 677 2234 Quatuor
705 2203 822 2232 oranda
847 2211 908 2241 pro
933 2201 1203 2232 hortanda—195
1229 2200 1332 2231 Multi
1354 2200 1481 2231 habent
1505 2201 1615 2231 eliam-

153 2251 245 2279 nunc,
260 2248 295 2274 ut
313 2243 404 2273 alibi.
432 2244 566 2281 Fragm.
585 2244 718 2275 Caesen.
744 2244 853 2274 Gron.
872 2252 957 2274 unus
986 2248 1022 2274 et
1040 2242 1131 2273 Med.
1148 2242 1274 2273 carbasa
1289 2245 1477 2273 veum—196
1501 2243 1615 2273 Unde-

154 2284 218 2316 (τίω
236 2285 313 2316 libri
330 2286 402 2316 aud.
425 2286 582 2316 hortator:
606 2291 640 2317 et
656 2292 726 2316 tres
751 2286 783 2316 in
807 2288 1013 2317 arcem—198
1037 2286 1097 2317 Pr.
1125 2284 1232 2317 Gron.
1258 2285 1329 2316 Non
1351 2285 1480 2316 cerritus
1505 2286 1613 2325 egi.—

807 2380 838 2411 N
845 2379 949 2411 OTAE

151 2452 235 2485 bens
254 2455 508 2496 amplissimum,
525 2465 589 2496 quo
612 2464 654 2486 ex
670 2459 743 2486 tota
758 2455 853 2486 Grae·
909 2454 1155 2495 Agamemnon,
1183 2454 1240 2496 qui
1265 2454 1418 2486 omnibus
1441 2454 1483 2485 de
1498 2453 1611 2486 voluu-

149 2506 202 2538 cia
226 2515 330 2538 naves
357 2507 399 2538 ad
425 2507 550 2538 bellum
573 2507 753 2547 Trojauum
773 2516 851 2538 con·
908 2510 979 2537 tate
997 2515 1112 2537 eorum
1129 2505 1331 2547 imperabat.

148 2562 329 2588 venerunt.
951 2560 1009 2588 195
1037 2557 1137 2597 Orba]
1177 2557 1264 2590 Quia
1291 2565 1458 2596 nunquam
1487 2565 1505 2586 a
1533 2555 1610 2597 Cly·

194 2609 252 2637 187
279 2606 391 2647 Pater]
435 2607 504 2639 Qui
531 2606 622 2646 filim,
651 2607 725 2647 plus
749 2616 848 2648 quam
905 2611 1113 2638 taemnestrae
1155 2605 1366 2646 amplexibus
1396 2606 1609 2646 Iphigeniam

149 2653 498 2695 dignitati‚comnlat.
903 2656 1008 2688 hebes
1036 2657 1124 2697 Ajax
1153 2656 1345 2687 avellisset:
1383 2665 1492 2697 neque
1521 2657 1608 2689 adeo

194 2709 254 2736 190
279 2706 402 2747 Iniqua]
454 2706 708 2746 Agamemnone
738 2711 849 2749 patre,
903 2716 944 2738 ea
966 2707 1089 2739 Diauae
1112 2706 1178 2737 aris
1203 2705 1360 2745 admotn;
1397 2715 1506 2748 neque
1531 2707 1607 2739 De·

146 2758 248 2789 quem
265 2748 343 2780 tilia·
361 2758 455 2780 amor
470 2750 621 2781 tenebat.
905 2758 1040 2800 placata
1054 2757 1185 2789 suisset,

194 2801 249 2830 lul
277 2799 372 2840 DaliJ
407 2799 482 2832 Rex
499 2800 588 2832 euim
605 2810 722 2842 regum
738 2801 850 2835 dictus
