1831 3023
213 181 324 225 1418
695 193 735 222 P.
765 189 922 221 ovmu
956 187 1168 219 NAsorus

545 424 664 464 ΕΑΒ.
697 423 781 464 IV.
846 422 1016 477 Jupiter
1033 423 1078 464 in
1099 422 1321 478 Aquilam.

214 533 459 569 GANYMEDES,
473 530 571 560 Trois
586 529 686 570 filius,
704 530 809 570 prima
825 530 946 572 forma,
960 542 1037 564 cum
1052 534 1176 565 ceteris
1194 531 1378 564 Iliensibus
1393 529 1554 572 Phrygiae
1574 540 1659 572 prae-

254 584 413 622 ferretur,
428 585 464 612 et
479 581 622 612 assiduis
645 582 880 615 venationibus
906 585 1099 626 interesset,
1123 595 1165 617 ne
1191 584 1360 617 infamiam
1383 584 1524 616 virentis
1546 584 1661 616 aetatis

252 635 394 674 subiret,
409 634 547 674 Jupiter
561 643 676 666 versus
699 635 734 667 in
761 636 907 677 aquilam
929 647 972 669 ex
999 637 1062 669 Ida
1086 642 1200 670 monte
1226 647 1301 669 eum
1328 637 1440 679 rapuit
1464 637 1500 669 in
1526 637 1661 677 coelum,

252 688 513 728 ministrumque
529 686 627 720 fecit.

208 777 363 833 TALE
382 805 535 834 nemus
555 795 679 834 vates
698 795 999 835 contraxerat:
1030 795 1157 847 inque
1177 794 1365 835 ferarum

210 860 412 902 Concilio
431 859 616 910 medius,
639 860 767 900 turba
786 860 1094 913 volucrumque
1115 860 1306 902 sedebat.

208 928 274 969 Ut
293 927 401 968 satis
419 927 634 980 impulsas
654 928 842 968 tentavit
862 927 1025 981 pollice
1045 927 1259 979 chordas3
1575 928 1660 968 145

208 994 268 1035 Et
288 994 423 1036 sensit
441 995 600 1045 varim,
623 995 827 1047 quamvis
848 995 1020 1036 diversa
1044 998 1263 1044 sonarent,

209 1060 491 1103 Concordare
510 1061 692 1114 modos;
721 1063 804 1104 hoc
826 1075 986 1104 vocem
1007 1062 1196 1103 carmine
1217 1061 1356 1116 rupit:

207 1126 281 1169 Ab
301 1128 428 1179 Jove,
453 1128 588 1170 Musa
609 1142 784 1182 parens,
803 1128 986 1184 (cedunt
1004 1129 1031 1169 J
1038 1130 1134 1170 ovis
1157 1128 1302 1169 omnia
1322 1125 1491 1181 regno,)

208 1192 412 1237 Carmina
431 1199 575 1237 nostra
591 1209 739 1238 move.
798 1197 827 1238 J
831 1197 927 1239 ovis
947 1200 1011 1237 est
1029 1196 1137 1237 mihi
1158 1208 1280 1249 saepe
1299 1198 1502 1249 potestas

207 1262 342 1303 Dicta
361 1263 498 1317 prius.
559 1261 711 1304 Cecini
731 1264 897 1318 plectro
919 1263 1119 1317 graviore
1139 1262 1371 1315 Gigantas,
1577 1260 1661 1302 150

208 1328 461 1382 Sparsaque
483 1329 727 1382 Phlegraeis
748 1331 950 1372 victricia
970 1331 1156 1371 fulmina
1178 1330 1363 1383 campis,

249 1455 300 1477 lv.
324 1446 422 1477 Poeta
437 1447 587 1478 allexerat
603 1447 747 1486 eiusnwdi
761 1448 878 1488 sylvam
890 1459 902 1486 ;
926 1452 955 1480 et
970 1449 1093 1480 sedebat
1116 1449 1233 1480 medius
1250 1449 1282 1479 in
1297 1457 1436 1479 consessu
1451 1447 1608 1488 serarum,
1629 1451 1659 1478 et

207 1488 298 1518 turba
312 1488 426 1519 avium.
453 1489 622 1530 Postquam
636 1491 714 1520 salis
740 1491 875 1522 tentavit
899 1501 1009 1522 nervos
1031 1494 1129 1522 motos
1147 1492 1268 1531 pollice,
1292 1494 1382 1531 atque
1407 1491 1549 1530 cognovit
1574 1493 1660 1521 tonos

206 1530 341 1561 diversos
354 1531 523 1571 convenire,
538 1542 711 1571 quanquam
732 1533 818 1563 varie
833 1537 988 1571 sonarent,
996 1533 1096 1573 flexit
1113 1544 1214 1564 uocem
1228 1534 1283 1564 hoc
1305 1534 1459 1564 carmine:
1483 1533 1577 1563 Musa
1594 1542 1658 1562 ma·

206 1576 266 1611 ter,
284 1572 342 1610 fac
365 1573 493 1603 initium
515 1574 630 1603 nostris
653 1574 789 1605 versibus
811 1575 849 1605 ab
873 1576 972 1605 Jove:
1006 1576 1108 1606 omnia
1133 1577 1245 1606 cedunt
1269 1575 1360 1606 Jouis
1383 1575 1525 1615 imperio.
1569 1574 1659 1604 Jovis

205 1623 315 1645 numen
330 1623 410 1654 soepe
434 1618 591 1645 cantatum
614 1618 659 1645 est
674 1626 693 1646 a
708 1626 755 1645 me
779 1617 921 1647 antehac.
969 1618 1104 1647 Cantavz'
1125 1618 1243 1657 plectro
1267 1617 1417 1647 severiore
1444 1617 1615 1656 Gigantas,
1629 1619 1661 1647 et

197 1655 335 1693 fulmina
357 1656 501 1686 victricia
524 1656 652 1695 disjecta
674 1667 730 1698 per
754 1667 876 1698 campos
899 1658 1092 1697 Phlegroeos.
1139 1660 1233 1690 Nunc
1253 1668 1328 1699 opus
1347 1662 1393 1689 est
1417 1658 1488 1698 lyra
1502 1658 1661 1689 molliore.-

830 1740 1061 1752 aeaeaeaeaeaeaeaeaeaeaeae

203 1795 347 1825 traxerat
362 1804 404 1824 ex
421 1794 515 1826 Med.
532 1794 627 1826 dedit
642 1796 758 1827 Burni.
781 1796 872 1836 vulg.
894 1799 1084 1837 attraxerat,
1108 1797 1198 1838 quod
1226 1797 1400 1828 revocavit
1425 1795 1661 1828 Mitscher1.—-

206 1839 267 1867 144
291 1836 348 1868 Pr.
366 1837 406 1868 R.
422 1837 481 1867 Pr.
498 1837 575 1868 Bas.
591 1848 660 1868 sec.
675 1840 716 1869 V.
733 1844 842 1880 quart.
860 1838 955 1871 Med.
969 1844 1004 1870 et
1025 1845 1092 1870 tres
1106 1840 1162 1870 alii
1178 1841 1257 1870 med.
1274 1840 1399 1877 tarbae;
1421 1839 1511 1870 unde
1537 1838 1657 1870 Heius.

201 1878 339 1918 legebat
354 1879 453 1910 turha⁷
466 1881 771 1921 volucrisque—146
796 1882 904 1913 Gron.
914 1882 1025 1913 ‹liz-ers.
1041 1881 1308 1913 sonabant.—147
1333 1882 1376 1914 Ο.
1394 1881 1568 1912 Conciliare
1578 1881 1659 1912 mod.

202 1921 304 1961 Vulg.
320 1922 424 1952 etiam
440 1933 536 1953 carm.
552 1924 669 1954 moi-it:
694 1924 753 1955 sed
771 1925 848 1965 quia
864 1933 942 1954 mox
956 1934 1028 1965 seq.
1073 1926 1082 1942 ‘
1101 1925 1259 1956 Carmina
1280 1929 1396 1956 nostra
1416 1923 1540 1961 move‚’
1557 1932 1659 1964 prop·

203 1967 300 1993 terea
315 1964 431 1995 Burm.
449 1975 491 1995 ex
508 1966 604 1997 Voss,
619 1967 685 1997 Ms.
702 1967 835 2007 recepit
855 1967 959 2007 rupit.-
982 1976 1059 1997 nam
1078 1969 1201 2006 passim
1216 1967 1305 2006 apud
1322 1966 1449 1997 Poetas
1473 1967 1483 1983 ‘
1500 1973 1658 2005 rumpere

202 2005 329 2044 voceS,'
354 2007 363 2022 ‘
381 2007 543 2046 questus,’
565 2012 736 2040 &c.—148
758 2010 937 2048 Langerm.
971 2009 1021 2039 Ab
1045 2010 1124 2039 Jove
1146 2009 1345 2049 principium.
1391 2007 1548 2047 Quidam,
1563 2007 1658 2037 Musa

199 2050 318 2086 potens.
364 2048 440 2079 Duo
457 2050 588 2081 Medic.
604 2053 733 2086 cedent;
759 2051 878 2081 Heius.
895 2051 1056 2088 malebat,
1081 2053 1200 2081 cedant.
1223 2051 1305 2081 Mox
1321 2050 1417 2081 Leid.
1435 2059 1532 2081 carm.
1545 2048 1655 2088 digna.

202 2091 309 2118 -150
322 2089 411 2120 Edd.
429 2092 582 2130 quaedam
596 2092 810 2131 distinguunt
823 2097 898 2132 post
911 2092 1008 2122 dicta.
1057 2093 1216 2131 Gigantas
1229 2093 1264 2123 S.
1276 2092 1398 2131 Marci,
1412 2093 1581 2132 Bernegg.
1604 2099 1656 2131 pr.

202 2129 279 2160 Pal.
297 2140 347 2169 pr.
364 2131 460 2162 Med.
478 2142 530 2172 pr.
547 2134 590 2163 V.
605 2135 705 2164 Cant.
724 2143 773 2173 pr.
792 2133 924 2164 Erfurt.
941 2134 1091 2174 Spirens.
1108 2138 1144 2165 et
1154 2134 1220 2165 duo
1234 2134 1311 2165 alii:
1336 2135 1427 2174 vulg.
1445 2134 1657 2172 Gigantes.—

204 2174 264 2203 151
289 2172 358 2203 Pro
373 2172 512 2210 fulmina
528 2179 604 2205 octo
621 2185 662 2206 ex
680 2175 875 2206 melioribus
891 2176 1047 2207 carmina:
1074 2175 1206 2216 fulgura
1228 2177 1308 2207 Bas.
1322 2180 1358 2207 et
1373 2176 1453 2207 edd.
1470 2174 1602 2216 Gryph.
1619 2177 1655 2205 et

856 2261 999 2293 NOTAE

201 2320 280 2353 Diti
296 2330 399 2353 sacrae
425 2322 565 2363 arboris,
584 2333 692 2355 ramos
715 2329 793 2356 ante
810 2324 900 2356 sores
954 2336 1032 2357 care
1051 2326 1238 2358 voluerunt.

201 2371 273 2412 ejus
305 2371 434 2412 domus,
462 2373 496 2403 in
522 2383 588 2414 qua
626 2375 772 2405 cadaver
798 2380 900 2415 esset,
998 2379 1058 2407 148
1082 2377 1219 2417 Parens]
1244 2375 1420 2415 Calliopen
1434 2374 1568 2406 Musam
1585 2374 1651 2405 Or-

203 2422 422 2463 apponebant
436 2434 444 2461 ;
470 2423 556 2463 rogis
585 2425 724 2464 iusuper
754 2426 901 2464 eosdem,
954 2427 1028 2467 phei
1044 2431 1185 2456 matrem
1202 2425 1305 2456 fuisse
1320 2434 1422 2466 supra
1437 2424 1591 2455 diximus.

202 2471 312 2512 gravis
339 2483 380 2503 ex
406 2473 573 2505 cadavere
590 2474 702 2505 odoris
720 2475 899 2506 amovendi
997 2479 1057 2507 150
1083 2476 1250 2516 Graviore]
1279 2474 1380 2507 Quali
1405 2474 1495 2505 bella
1519 2473 1652 2506 cantari

202 2531 318 2562 causa,
331 2523 547 2555 adhibebant.
953 2527 1064 2558 decet.

245 2575 308 2603 144
340 2572 489 2612 sedebat]
533 2558 664 2606 Quib‘us
712 2575 898 2615 figmentis,
996 2577 1170 2617 Gigantas]
1196 2576 1262 2609 Qui
1290 2576 1450 2607 adversus
1468 2568 1562 2606 Deos
1579 2575 1651 2607 bel-

203 2628 355 2664 agrestes
380 2622 535 2664 ferosque
559 2624 709 2655 homines
727 2625 770 2655 ad
788 2626 899 2656 huma-
951 2628 1020 2658 lum
1037 2637 1173 2658 movere
1190 2636 1255 2658 non
1279 2631 1357 2657 sunt
1374 2625 1483 2665 veriti,
1499 2625 1599 2657 sicuti
1613 2625 1649 2656 in

201 2673 331 2704 niorem
347 2673 450 2704 vitam
476 2674 518 2704 ab
542 2674 681 2715 Orpheo
698 2675 842 2716 sapienti
865 2680 900 2706 et
951 2678 1059 2718 primo
1075 2677 1230 2707 vidimus.

202 2721 344 2765 politico
359 2722 439 2765 viro,
453 2722 601 2765 illectos,
622 2725 751 2767 antiqui
773 2725 899 2767 signifi·
995 2730 1056 2759 151
1079 2726 1271 2768 Phlegraeis]
1286 2726 1379 2760 Quos
1395 2725 1452 2758 alii
1465 2725 1501 2759 in
1516 2734 1557 2758 ea
1573 2724 1647 2758 Ma-
