1831 3023
161 238 274 281 1128
671 249 713 281 Ρ.
746 250 905 281 ovum
939 250 1154 281 NAsoms

160 344 304 398 Plaga
322 344 454 386 dedit.
511 344 751 398 Trepidum
772 345 983 394 Perseus,
1012 351 1058 386 et
1078 346 1259 387 inermia
1277 344 1438 386 frustra
1523 343 1610 386 175

160 410 354 454 Brachia
374 412 619 453 tendentem
638 411 865 465 Cyllenide
884 413 1081 455 confodit
1098 414 1250 467 harpe.

156 478 322 521 Verum
342 481 417 521 ubi
437 480 637 530 virtutem
661 481 794 520 turbae
819 481 1097 520 succumbere
1116 480 1242 530 vidit,

160 545 411 596 Auxilium,
433 547 637 595 Perseus,
659 547 869 598 quoniam
894 546 959 585 sic
979 548 1135 598 cogitis
1153 548 1256 600 ipsi,

163 614 310 664 Dixit,
331 615 387 654 ab
408 614 538 654 hoste
556 617 727 667 petam:
757 612 902 652 vultus
924 614 1105 653 avertite
1126 618 1314 663 vestros,

163 681 212 722 Si
233 683 330 735 quis
350 682 518 722 amicus
540 680 690 721 adest:
720 683 764 719 et
783 678 1004 729 Gorgonis
1026 679 1186 719 extulit
1206 692 1298 720 ora.
1529 678 1614 720 180

162 747 325 798 Quaere
347 748 499 798 alium,
519 751 594 788 tua
614 759 746 800 quem
765 749 972 786 moveant
991 746 1218 796 miracula,
1241 746 1357 786 dixit

160 815 408 857 Thescelus
425 831 434 858 ε
465 820 600 868 utque
619 826 752 855 manu
768 813 970 867 jaculum
990 813 1121 854 fatale
1140 815 1327 867 parabat

163 881 351 933 Mittere,
373 884 419 924 in
437 884 521 924 hoc
541 883 672 923 haesit
693 882 861 934 signum
883 882 937 922 de
957 895 1170 922 marmore
1191 886 1333 935 gestu.

161 948 401 991 Proximus
419 951 522 992 huic
542 950 719 1004 Ampyx
744 950 876 990 animi
897 950 1154 1003 plenissima
1172 950 1318 1002 magni

161 1016 351 1059 Pectora
371 1017 585 1071 Lyncidae
607 1018 758 1071 gladio
780 1018 915 1071 petit:
948 1019 1079 1071 inque
1096 1016 1286 1071 petendo
1534 1014 1621 1057 185

164 1081 364 1124 Dextera
384 1084 576 1136 diriguit,
603 1098 682 1125 nec
704 1085 813 1125 citra
832 1088 968 1134 mota,
989 1098 1072 1125 nec
1093 1085 1221 1125 ultra.

163 1148 228 1189 At
250 1150 428 1199 Nileus,
451 1152 528 1203 qui
551 1164 598 1191 se
621 1152 813 1203 genitum
835 1152 1122 1204 septemplice
1141 1150 1250 1191 Nilo

162 1215 411 1257 Ementitus
428 1220 534 1266 erat,
555 1217 716 1270 clypeo
737 1229 911 1269 quoque
927 1218 1107 1257 fiumina
1127 1223 1294 1269 septem

162 1282 358 1336 Argento
378 1284 552 1336 partim,
571 1285 730 1337 partim
750 1284 987 1324 eoelaverat
1008 1297 1131 1334 auro,

163 1349 346 1404 Aspice,
369 1351 443 1399 ait,
465 1350 645 1399 Perseu,
667 1354 829 1390 nostrae
852 1350 1090 1402 primordia
1110 1350 1248 1402 gentis
1266 1363 1276 1389 ε
1536 1351 1622 1393 190

166 1415 335 1469 Magna
354 1416 465 1457 feres
485 1417 646 1458 tacitas
668 1417 829 1457 solatia
848 1417 1000 1457 mortis
1021 1416 1077 1456 ad
1096 1416 1290 1464 umbras,

164 1582 205 1613 ad
217 1586 358 1614 mortem.
401 1583 536 1614 Perseus
548 1582 711 1625 transfixit
722 1584 844 1614 acinace
862 1583 999 1624 Cyllenio
1015 1582 1173 1614 turbatum
1187 1586 1217 1613 et
1243 1582 1456 1623 porrigentem
1472 1583 1625 1614 ineassum

165 1626 294 1656 lacertos
308 1635 428 1657 vacuos.
478 1626 603 1666 Verum,
623 1629 786 1666 postquam
802 1627 934 1656 Perseus
947 1626 1082 1656 advertit
1095 1625 1318 1664 fortitudinem
1332 1626 1480 1666 imparem
1493 1635 1556 1656 esse
1570 1635 1626 1665 ag-

167 1668 257 1708 mini,
271 1668 432 1709 Siquidem
446 1679 498 1699 vos
512 1669 558 1699 sic
571 1669 742 1709 impellitis,
754 1669 869 1708 inquit,
883 1668 1033 1700 advocabo
1045 1669 1160 1698 hostem
1174 1668 1208 1698 in
1220 1678 1304 1708 opem
1316 1680 1326 1699 :
1348 1668 1376 1699 si
1387 1668 1454 1708 quis
1469 1669 1628 1699 benevolus

165 1709 216 1740 hic
241 1714 299 1750 est,
326 1712 476 1742 dimovete
501 1712 602 1741 oculos
625 1714 761 1742 vestros:
783 1715 813 1742 et
838 1711 1006 1751 depromsit
1032 1712 1135 1741 vultus
1163 1711 1333 1750 Gorgonis.
1381 1711 1495 1746 Quaere
1517 1711 1627 1750 alium,

166 1752 268 1793 inquit
294 1753 465 1792 Thescelus,
488 1763 575 1793 quem
597 1756 653 1784 tua
679 1757 814 1784 monstra
840 1754 1029 1793 percellant,·
1052 1756 1082 1784 et
1107 1763 1176 1784 cum
1200 1754 1290 1784 vellet
1306 1753 1510 1791 manujacere
1526 1754 1624 1784 telum

167 1795 372 1835 mortiferum,
401 1796 542 1826 constitit
570 1796 605 1826 in
626 1796 680 1826 hoc
706 1799 798 1835 gestu
823 1799 929 1826 statua
957 1797 993 1826 de
1020 1805 1182 1826 marmore.
1226 1796 1354 1836 Ampyx
1371 1795 1535 1835 proximus
1554 1795 1627 1826 huic

166 1836 306 1876 insurgit
321 1847 389 1868 ense
403 1841 511 1869 contra
533 1841 638 1878 pectus
651 1838 863 1879 plenissimum
878 1837 1016 1876 ingentis
1027 1838 1146 1874 animi,
1141 1849 1148 1855 ·
1171 1841 1260 1878 atque
1286 1839 1474 1876 insurgendo
1497 1839 1628 1869 dextera

168 1879 323 1920 obduruit,
337 1890 430 1920 neque
446 1885 527 1911 mota
541 1881 622 1911 citra
633 1890 687 1912 nec
698 1882 792 1912 ultra.
836 1880 882 1911 At
908 1880 1033 1918 Nileus,
1046 1880 1098 1920 qui
1116 1880 1201 1918 falso
1223 1881 1350 1912 dixerat
1374 1890 1406 1911 se
1432 1884 1534 1911 ortum
1551 1880 1628 1911 Nilo

168 1923 358 1963 septemfluo,
373 1926 464 1962 atque
477 1924 570 1954 etiam
585 1924 788 1972 insculpserat
804 1923 908 1963 clypeo
922 1926 1037 1963 septem
1051 1923 1132 1953 ostia
1148 1923 1232 1961 Nili,
1255 1923 1371 1962 partim
1394 1926 1535 1962 argento,
1558 1932 1630 1962 par-

171 1965 227 1994 tim
243 1975 329 2005 auro,
350 1965 438 2005 Vide,
452 1965 568 2006 inquit,
585 1966 713 2006 Persen,
727 1966 821 1996 initia
833 1966 935 1996 nostri
957 1965 1102 2004 generis:
1121 1965 1263 2005 portabis
1288 1966 1369 2005 apud
1384 1966 1497 1996 Manes
1512 1964 1628 2005 quietos

780 2057 1014 2069 eeeeeeeeeee

171 2127 277 2156 -175
301 2124 401 2163 Vulg.
417 2126 447 2154 et
462 2123 577 2154 inertia
591 2133 601 2159 ;
623 2123 801 2154 duodecim
815 2122 936 2164 scripti
946 2123 1175 2154 inania—1715
1189 2123 1272 2153 Tres
1285 2121 1362 2153 libr.
1382 2123 1450 2164 Cyl.
1465 2123 1603 2163 perfodit
1617 2135 1629 2161 ;

172 2177 258 2199 unus
284 2167 535 2207 percutit.—l77
565 2166 660 2196 Unus
704 2165 824 2197 Heius.
864 2166 947 2196 turb.
990 2165 1186 2206 procumbere
1199 2176 1211 2202 ,·
1249 2165 1386 2205 plurimi
1414 2168 1630 2198 succedere.—

173 2213 236 2241 178
261 2210 437 2248 Caut.cog.
453 2209 535 2248 ipse.-
558 2208 676 2240 Heius.
701 2208 851 2239 malebat
876 2209 1062 2248 ipsa—182
1085 2208 1187 2248 Vulg.
1210 2208 1392 2245 Thessalus;
1417 2213 1452 2239 at
1468 2215 1629 2248 praestan·

173 2253 292 2290 tiores,
324 2256 411 2282 teste
436 2251 555 2282 Heius.
583 2251 756 2290 Thescelus,
778 2252 834 2282 vel
862 2251 1010 2282 Tescezus.
1047 2251 1145 2281 Cant.
1168 2254 1232 2289 utq.
1258 2260 1378 2281 manus.
1411 2251 1536 2282 Plures
1552 2251 1630 2283 libri

175 2294 426 2334 scriptisatale:
449 2295 515 2324 duo
533 2293 626 2324 Med.
640 2298 676 2324 et
693 2303 777 2324 unus
795 2294 876 2324 Bas.
891 2293 1017 2331 serale;
1039 2293 1129 2332 vulg.
1146 2293 1357 2323 letale—184
1381 2292 1451 2324 Alii
1474 2294 1630 2325 scribunt

172 2338 302 2377 Ampix,
332 2338 385 2366 vel
411 2336 675 2376 Amphyx.-—186
697 2336 849 2367 Berolin.
885 2337 983 2367 Dext.
1010 2336 1172 2373 dirigitur.
1217 2336 1274 2366 Pr.
1301 2335 1395 2366 Med.
1423 2341 1458 2366 et
1480 2336 1547 2367 duo
1572 2337 1631 2368 alii

172 2380 218 2410 nil
229 2379 320 2410 citra.
344 2378 494 2410 Berolin.
508 2379 592 2409 ultra
603 2381 767 2410 est—190
784 2378 970 2418 Argentor.
994 2378 1214 2417 Suscipe,uit;
1239 2377 1328 2408 unde
1345 2377 1464 2409 Heins.
1488 2379 1629 2419 Suspice.

173 2425 277 2454 —191
305 2422 413 2454 Gron.
431 2426 466 2452 et
492 2421 589 2452 Med.
625 2421 716 2461 Mag.
740 2421 846 2459 refer;
877 2421 1076 2463 Thysianus,
1098 2425 1132 2451 et
1154 2421 1243 2451 Mor.
1261 2420 1371 2458 seras:
1395 2421 1514 2452 Heius.
1531 2421 1628 2461 conj.

832 2527 972 2560 NOTAE

216 2604 278 2634 176
303 2601 475 2642 Cyllenide]
504 2602 646 2633 Falcato
663 2611 757 2641 ense,
772 2611 871 2643 quem
926 2605 992 2641 est,
1021 2611 1095 2642 quae
1111 2601 1265 2641 jaculum
1287 2601 1380 2642 quasi
1397 2601 1554 2633 emittere
1578 2612 1634 2635 eo-

174 2663 194 2684 a
233 2652 419 2693 Mercurio,
456 2653 492 2683 in
534 2653 674 2693 Cyllene
710 2652 871 2684 Arcadiae
926 2655 1076 2683 naretur.

175 2708 288 2735 monte
303 2708 395 2742 nato,
409 2707 605 2744 acceperat.
970 2705 1031 2733 187
1056 2702 1271 2743 Septemplice]
1308 2702 1398 2735 Quia
1418 2712 1480 2742 per
1497 2707 1630 2745 septem

219 2756 281 2784 179
295 2754 409 2794 Hoste]
422 2754 576 2785 Medusae
589 2754 716 2794 capite,
730 2754 873 2786 scilicet.
929 2752 1016 2784 ostia
1031 2752 1159 2793 majora
1172 2751 1286 2783 subire
1304 2761 1395 2784 mare
1411 2752 1545 2785 dicitur.

219 2806 279 2835 183
304 2804 342 2834 In
353 2804 423 2844 hoc]
434 2804 556 2836 Statua
566 2813 755 2836 marmorea
763 2803 875 2836 factus
