1831 3023
182 229 296 272 1546

182 331 389 387 Ampyca
404 332 509 387 quid
528 332 743 374 referam?
773 331 850 386 qui
870 332 1248 388 quadrupedantis
1268 332 1395 376 Oe'cli

185 399 312 442 Fixit
331 401 376 441 in
397 400 579 442 adverso
602 413 780 442 cornum
802 399 894 440 sine
916 401 1100 454 cuspide
1121 402 1258 444 vultu.

183 467 324 509 Vecte
343 468 669 509 Pelethronium
691 467 927 508 Macareus
944 468 990 508 in
1009 473 1162 522 pectus
1184 469 1342 511 adacto

185 535 350 576 Stravit
370 534 663 588 Erygdupum.
723 534 909 575 Memini
930 539 974 576 et
992 537 1210 577 venabula
1230 535 1362 577 condi

185 600 379 653 Inguine,
402 599 588 640 Nesseis
608 601 812 642 manibus
832 602 1050 655 conjecta,
1073 602 1258 657 Cymeli.

186 667 283 708 Nec
305 671 349 706 tu
367 666 604 708 credideris
625 671 791 710 tantum
812 669 1026 710 cecinisse
1046 670 1190 712 futura

182 733 458 787 Ampyciden
482 733 706 788 Mopsum.
767 736 931 790 Mopso
946 737 1170 791 jaculante
1190 736 1388 779 biformis

183 798 420 851 Occubuit,
441 801 683 855 frustraque
705 802 828 855 loqui
850 805 1031 844 tentavit
1051 803 1223 854 Odites,

181 864 257 907 Ad
276 871 469 908 mentum
490 869 652 920 lingua,
672 872 902 920 mentoque
922 869 979 909 ad
1000 872 1173 921 guttura
1191 870 1299 911 fixo.

184 932 392 987 Quinque
412 936 509 975 neci
530 934 720 976 Caeneus
741 934 934 985 dederat,
953 935 1306 989 Stiphelumque,
1324 936 1634 989 Bromumque,

182 999 596 1055 Antimachumque,
627 1001 959 1056 Helimumque,
983 1003 1354 1057 securiferumque
1374 1002 1635 1057 Pyracmon.

183 1066 381 1109 Vulnera
399 1082 482 1110 non
502 1069 707 1112 memini:
736 1084 960 1112 numerum
979 1083 1223 1124 nomenque
1241 1070 1406 1113 notavi.
1552 1069 1635 1110 461

182 1133 392 1178 Provolat
413 1135 603 1179 Emathii
623 1138 781 1192 spoliis
801 1142 992 1180 armatus
1013 1138 1184 1189 Halesi,

185 1200 330 1252 Quem
350 1204 525 1246 dederat
542 1205 646 1255 leto,
666 1205 959 1259 membrisque
979 1210 1024 1246 et
1042 1218 1221 1259 corpore
1238 1203 1425 1246 Latreus

185 1269 425 1313 Maximus.
487 1271 608 1314 Huic
629 1276 738 1314 aetas
758 1273 870 1314 inter
883 1273 1195 1328 juvenemque,
1221 1285 1468 1327 senemque,

668 239 711 270 P.
742 237 902 269 ovmn
934 237 1148 270 NASONIS

1546 335 1630 377 450

183 1407 368 1449 Ampycem.
359 1406 376 1430 '²
397 1419 449 1448 qui
442 1409 539 1450 fixit
555 1409 711 1448 infaciem
723 1411 892 1451 oppositam
910 1410 997 1441 Ge‘cli
1009 1411 1270 1451 quadrupedantis
1286 1410 1398 1441 hastile
1409 1408 1476 1440 sine
1490 1417 1642 1440 mucrone.

185 1451 350 1481 Macareus
377 1451 535 1490 interfecit
564 1453 768 1492 Erygdupum
795 1453 1025 1483 Pelethronium
1051 1453 1160 1493 stipite
1176 1453 1249 1494 fixo
1273 1453 1305 1483 in
1324 1456 1440 1492 pectus.
1486 1452 1641 1483 Recoraor

183 1493 278 1523 etiam
297 1493 437 1531 jaculum
453 1494 577 1524 missum
592 1494 731 1525 manibus
746 1494 874 1526 Nesseis
889 1495 1027 1526 abditum
1035 1494 1139 1533 fuisse
1156 1495 1190 1525 in
1212 1494 1340 1534 inguine
1359 1494 1487 1535 Cymeli.
1532 1495 1641 1534 Neque

184 1535 357 1566 arbitratus
376 1535 478 1573 fueris
504 1537 648 1577 Mopsum
663 1537 833 1578 Amyciden
849 1540 971 1568 tantum
984 1537 1169 1577 praedixisse
1190 1541 1329 1568 tentura.
1373 1537 1484 1577 Mopso
1498 1536 1643 1575 adigente

187 1577 298 1608 Odites
328 1578 501 1609 bimembris
523 1582 699 1618 prostratus
726 1583 785 1619 est,
810 1583 840 1610 et
860 1579 988 1618 frustra
1014 1583 1142 1611 conatus
1162 1582 1206 1610 est
1222 1580 1314 1620 loqui,
1328 1580 1437 1618 lingua
1460 1589 1527 1610 cum
1542 1581 1642 1609 mente

183 1620 356 1659 commissa,
371 1623 403 1651 et
416 1624 516 1651 mento
531 1621 766 1658 cumfaucibus.
813 1623 942 1653 Coeneus
972 1623 1065 1652 morti
1090 1622 1263 1652 tradiderat
1287 1623 1431 1661 quinque,
1458 1621 1643 1660 Scipiadum,

184 1665 216 1693 et
231 1662 396 1702 Bromum,
422 1666 452 1693 et
468 1663 702 1701 Antimachum,
726 1667 758 1694 et
775 1663 946 1703 Helinium,
969 1667 998 1694 et
1014 1663 1202 1704 Pyracmum
1219 1664 1462 1703 bipennigerum.
1509 1663 1580 1694 Non
1594 1673 1642 1694 re-

184 1706 293 1735 cordor
301 1706 480 1745 plagarum,
493 1705 649 1736 observavi
663 1714 823 1736 numerum
838 1708 869 1736 et
882 1715 1000 1736 nomen.
1045 1705 1179 1735 Latreus
1193 1706 1386 1736 vastissimus
1400 1704 1539 1744 artubus,
1552 1708 1644 1744 atque

184 1755 322 1787 corpore,
350 1747 521 1778 instructus
546 1748 667 1779 exuviis
691 1747 816 1788 Halesi,
838 1756 927 1788 quem
948 1750 1148 1787 mactaverat,
1169 1748 1316 1779 accurrit.
1362 1748 1448 1778 Huic
1463 1749 1541 1778 aetas
1564 1746 1646 1778 inter

798 1836 857 1848 m

185 1900 296 1942 multi,
322 1900 437 1932 deserit
466 1903 661 1932 ‹etas—450
685 1901 757 1933 Pro
790 1902 891 1942 O'e‘cli,
918 1902 951 1933 S.
980 1902 1104 1941 Marci,
1134 1903 1282 1934 Echecli:
1305 1903 1352 1935 N.
1372 1903 1499 1935 EcheIi:
1521 1901 1643 1935 Urbin.

188 1944 281 1975 Οὲἰίε
303 1943 431 1975 Thuan.
448 1943 585 1975 Ethedi:
603 1954 655 1985 pr.
671 1945 804 1975 Erfurt.
819 1945 952 1976 Aheclz':
974 1946 1075 1984 alter,
1096 1926 1204 1982 'Eoczi;
1230 1946 1313 1977 Oicli
1329 1946 1403 1977 alii:
1423 1945 1644 1977 aliialiter.—

184 1989 245 2017 451
270 1986 423 2017 Beiolin.
438 1987 556 2017 advers.
584 1997 686 2018 cornu.
689 1990 795 2019 —452
818 1988 1050 2022 Pelethronium
1066 1997 1140 2018 cum
1172 1989 1343 2019 Boxhorn.
1372 1987 1450 2029 frag
1452 1998 1493 2019 ιιι.
1525 1987 1642 2019 Heins

185 2028 282 2059 dedit
296 2038 359 2069 pro
375 2029 463 2069 vulg.
481 2029 707 2061 Pelethronius.
710 2033 816 2061 ἡ·454
839 2030 1245 2070 Vulg.Nessei.manibus.
1279 2030 1641 2069 Zulichemianus‚1n-

183 2071 280 2110 guine
297 2072 433 2102 Nesseo:
455 2072 538 2104 Jun.
565 2072 711 2121 bigadae,
737 2073 845 2112 Nesse,
872 2076 935 2104 tuo.
967 2073 1087 2104 Heius.
1111 2073 1230 2104 suadet
1248 2073 1393 2112 Inguine,
1424 2073 1550 2104 Nesseis
1576 2082 1641 2102 ona-

184 2113 295 2151 minis,-
318 2115 495 2154 Cymelum
522 2116 556 2146 in
585 2115 723 2155 inguine
750 2115 952 2146 vulnerabat
976 2116 1119 2153 Nessus,
1151 2124 1216 2146 non
1248 2115 1393 2146 Nessum
1426 2115 1642 2155 Cymelus.—

184 2158 249 2186 459
273 2155 493 2197 Stiphelonque
518 2158 601 2196 Arg.
629 2158 845 2197 Stenelumque
874 2158 1075 2188 Mon—460
1098 2156 1317 2197 Helimumque
1332 2167 1374 2188 ex
1401 2157 1564 2197 scriptis3
1586 2155 1642 2187 alii

187 2197 512 2238 Hominumque—462
535 2201 631 2231 Unus
647 2200 727 2230 Bas.
743 2200 821 2239 spol.
838 2203 977 2240 ornatus,
988 2200 1173 2240 eleganter,
1184 2198 1302 2240 judice
1316 2200 1433 2231 Burm.
1457 2199 1523 2230 Alii
1539 2198 1640 2230 etiam

844 2310 982 2342 NOTAE

228 2393 292 2424 450
307 2391 593 2431 Quadrupeaantz's]
607 2392 779 2431 Equorum
794 2400 887 2422 more

187 2447 329 2484 quatuor
346 2442 488 2482 pedibus
504 2442 684 2473 currentis.

229 2495 290 2523 451
317 2491 469 2531 Cornum]
491 2492 609 2522 Telum
637 2501 679 2522 ex
704 2501 807 2522 cornu
835 2501 887 2522 ar-

187 2543 281 2575 bore.

230 2595 294 2624 452
311 2591 558 2631 Pelethronium]
578 2591 646 2624 Qui
664 2591 808 2631 Lapitha
823 2591 887 2622 Pe-

184 2643 345 2676 lethronii
361 2642 543 2673 Thessaliae
567 2642 688 2672 montis
707 2642 807 2682 juxta
825 2642 887 2672 Pe-

186 2693 270 2725 lium
284 2693 413 2732 accola,
435 2692 654 2733 ejusdemque
668 2692 810 2723 nominis
834 2701 885 2722 ur-

189 2743 242 2776 bis
257 2743 380 2775 incola.

230 2795 295 2826 456
327 2792 487 2835 Mopsum]
519 2792 587 2827 Qui
616 2797 712 2825 vates
740 2792 888 2834 Ampyci

939 2390 1028 2422 filius
1055 2391 1202 2431 Lapitha
1226 2389 1307 2430 fuit,
1329 2399 1407 2421 cum
1420 2389 1495 2421 aliis
1510 2388 1641 2422 duobus

940 2452 1006 2473 non
1027 2440 1298 2473 confundendus.

983 2495 1047 2524 459
1073 2490 1214 2531 Caeneus]
1237 2491 1314 2523 Jam
1340 2489 1397 2520 diu
1418 2493 1512 2521 certe
1536 2490 1639 2521 istum

941 2548 1105 2583 expecto:
1138 2552 1200 2573 nec
1228 2550 1417 2582 quenquam
1443 2540 1547 2571 credo
1573 2549 1640 2572 non

941 2593 1145 2624 delassatum
1161 2591 1202 2622 iri
1218 2595 1313 2622 tanta
1328 2589 1417 2621 senis
1432 2589 1642 2630 garrulitate.

1007 2646 1071 2675 462
1117 2641 1274 2682 Emathii]
1298 2641 1446 2682 Proprie
1486 2640 1643 2672 Emathia

940 2693 1143 2725 Macedonia
1157 2696 1232 2730 est;
1256 2690 1315 2722 sed
1331 2700 1391 2722 suo
1406 2689 1547 2732 quodam
1561 2690 1641 2731 Jure

941 2744 1053 2785 poetae
1069 2755 1131 2785 pro
1145 2742 1316 2777 Thessalia
1328 2742 1516 2775 vicinitatis
1526 2740 1641 2784 specie

941 2799 1089 2828 sumunt.
1592 2804 1595 2807 ’
