1831 3023
477 232 949 266 METAMORPHOSEON
983 232 1081 263 LIB·
1111 232 1228 264 xnl.
1479 223 1593 267 16oe

132 329 265 373 Hanc
285 343 372 372 non
392 329 659 372 foemineum·
665 326 819 380 jugulo
839 327 944 370 dare
964 331 1120 382 pectus
1142 330 1310 382 aperto,
1352 319 1358 325 ’

132 397 260 442 Illam
280 398 474 439 demisso
492 408 569 451 per
586 395 718 436 fortia
737 396 918 437 vulnera
938 397 1023 437 telo

132 466 224 508 Pro
245 466 412 519 populo
435 464 652 506 cecidisse
672 477 781 515 suo;
815 464 1101 518 pulchrisque
1122 477 1200 517 per
1219 463 1373 504 urbem
1507 463 1594 504 695

132 532 381 574 Funeribus
403 532 518 581 ferri,
538 531 785 584 celebrique
803 534 847 573 in
869 537 991 585 parte
1013 532 1218 573 cremari:

130 599 247 641 Tum
266 600 321 641 de
342 600 535 652 virginea
555 600 755 652 geminos
778 601 898 640 exire
920 599 1086 649 favilla,

133 665 204 707 Ne
223 680 359 720 genus
378 668 568 716 intereat,
582 666 786 720 juvenes,
808 681 924 720 quos
947 668 1065 708 fama
1086 667 1287 709 Coronas

132 733 361 784 Nominat,
380 739 423 775 et
443 734 576 775 cineri
597 739 790 776 materno
810 734 969 774 ducere
989 748 1213 787 pompam.

130 930 250 974 FAB.
281 931 367 974 VI.
396 936 439 974 et
452 930 564 974 VII.
624 929 893 973 Ambracius
914 931 958 973 in
981 931 1164 972 Saxum.
1226 929 1413 972 Molossi
1432 929 1536 973 Filii
1550 930 1594 972 in

795 998 934 1040 Aves.

124 1101 313 1141 phrenas
331 1109 471 1140 insulam
489 1109 642 1148 Cretam,
658 1113 693 1140 et
708 1108 786 1140 hinc
802 1108 940 1140 Italiam
967 1108 1168 1150 supradicti,
1183 1113 1221 1140 ut
1237 1108 1417 1150 aliquando
1445 1117 1595 1140 errorem

171 1162 292 1202 positis
322 1161 454 1193 aedibus
479 1160 578 1192 finire
612 1167 764 1202 possent,
794 1163 910 1194 multis
947 1162 1140 1204 regionibus
1180 1162 1346 1201 transitis,
1377 1161 1595 1193 Ambraciam

171 1214 311 1253 adeunt,
339 1224 358 1245 a
385 1215 458 1245 Diis
487 1224 549 1256 per
571 1219 745 1247 certamen
771 1215 934 1256 petitam:
970 1216 1002 1246 in
1027 1225 1128 1257 quam
1157 1215 1331 1246 Ambracii
1355 1215 1538 1256 imaginem
1560 1215 1595 1246 in

170 1276 286 1300 saxum
302 1269 518 1309 conspiciunt
535 1268 723 1309 figuratam.
770 1268 862 1301 Hinc
887 1269 922 1300 in
950 1269 1148 1306 Chaoniam,
1166 1269 1199 1299 in
1216 1278 1283 1310 qua
1299 1268 1471 1300 oraculum
1487 1267 1596 1307 Jovis,

170 1321 278 1353 delati
295 1322 464 1363 aspiciunt
482 1323 622 1354 Molossi
638 1323 727 1364 regis
741 1322 844 1355 filios:
869 1324 939 1365 qui,
952 1333 994 1354 ne
1008 1322 1144 1354 flamma
1156 1327 1450 1362 consumerentur,
1463 1322 1596 1352 immor-

171 1375 289 1406 talium
306 1376 441 1407 numine
459 1374 587 1408 factum
603 1381 668 1416 est,
686 1382 723 1407 ut
738 1377 770 1407 in
787 1377 899 1408 avium
916 1377 1040 1418 figuras
1057 1374 1380 1408 transmutarentur.

127 1449 425 1508 HACTENUS
447 1468 628 1521 antiquo
650 1469 786 1521 signis
806 1468 1071 1521 fulgentibus
1094 1480 1179 1508 aere
1509 1464 1594 1505 700

127 1534 334 1574 Summus
356 1535 554 1574 inaurato
577 1540 717 1576 crater
737 1538 831 1576 erat
851 1548 982 1589 asper
1004 1534 1209 1576 acantho.

127 1600 226 1642 Nec
243 1600 411 1641 leviora
428 1600 543 1641 datis
561 1601 746 1654 Trojani
767 1601 884 1653 dona
903 1603 1151 1642 remittunt:

126 1669 334 1722 Dantque
356 1668 590 1718 sacerdoti,
614 1669 840 1709 custodem
862 1669 1014 1719 thuris,
1037 1680 1254 1719 acerram3

124 1799 204 1830 hanc
218 1798 414 1830 exhibentem
427 1801 532 1838 pectus
550 1808 610 1829 non
631 1798 778 1830 muliebre
794 1800 909 1830 nudato
923 1799 1011 1837 collo,
1026 1798 1112 1829 illam
1127 1797 1348 1829 occumbentem
1360 1807 1417 1838 pro
1428 1799 1524 1837 gente
1538 1808 1594 1828 sua

124 1842 224 1874 cultro
238 1842 347 1873 adacto
371 1850 429 1882 per
451 1851 616 1880 generosas
629 1843 761 1882 plagas,-
784 1846 813 1873 et
830 1843 944 1872 elatam
959 1841 1134 1883 magnificis
1148 1840 1286 1881 exequiis
1300 1850 1355 1881 per
1368 1840 1486 1877 urbem,
1501 1843 1594 1881 atque

123 1887 293 1915 crematam
307 1886 337 1914 in
352 1885 458 1924 platea
470 1883 581 1914 celebri
594 1895 604 1914 :
627 1889 691 1915 tum
707 1886 781 1915 duos
796 1886 1000 1915 adolescentes
1016 1886 1203 1924 prodeuntes
1217 1893 1257 1914 ex
1271 1884 1373 1914 cinere
1389 1883 1541 1922 virgineo,
1557 1892 1594 1913 ne

125 1927 222 1967 stirps
249 1931 369 1968 pereat,
394 1936 466 1967 quos
485 1926 577 1964 sama
602 1927 737 1968 appellat
769 1929 917 1968 Coronas,
944 1931 1035 1968 atque
1050 1928 1196 1958 ducentes
1217 1936 1359 1967 pompam
1376 1925 1502 1964 favilla?
1528 1934 1592 1955 ma·

124 1974 232 2001 τεν-πιε-

168 2021 219 2043 νι.
241 2021 306 2043 vn.
332 2012 493 2043 Hactenus
521 2012 621 2051 signis
644 2012 874 2052 splendentibus
902 2013 999 2044 ceteri
1027 2022 1110 2047 αττ,-
1132 2015 1272 2043 extrema
1299 2020 1355 2042 ora
1377 2011 1510 2042 crateris
1525 2013 1593 2041 erat

124 2065 232 2095 aspera
248 2056 379 2086 acantho
396 2055 552 2086 inaurato.
601 2056 708 2095 Neque
734 2055 860 2094 Trojani
886 2056 1051 2087 remittunt
1068 2065 1194 2086 munera
1207 2055 1328 2085 minora
1344 2054 1478 2090 afflatis,-
1501 2056 1593 2093 atque

123 2097 257 2139 offer-um
273 2098 428 2129 sacerdoti
444 2107 585 2128 acerram
600 2098 686 2128 thuri
700 2100 862 2138 sert-ando,
887 2098 1019 2139 offerunt
1035 2102 1189 2139 pateram,
1208 2101 1300 2138 atque
1311 2106 1454 2129 coronam
1462 2095 1592 2135 fulgen-

736 2182 972 2193 eeeeeeeeeeee

125 2246 392 2278 videtur.'-693
410 2246 460 2278 Fi.
473 2246 507 2278 S.
524 2245 632 2277 Marci
657 2245 782 2284 Agmen
801 2245 1001 2283 firm—694
1032 2246 1082 2277 ΡΙ.
1097 2246 1131 2276 S.
1149 2245 1259 2275 Marci
1278 2244 1376 2280 Illam
1398 2242 1483 2284 Arg.
1511 2243 1590 2275 Illis.

125 2290 288 2321 Nonnulli
315 2289 417 2320 etiam
442 2289 689 2318 dimissa—694
721 2288 825 2327 Vulg.
845 2298 901 2328 per
917 2287 1020 2326 sortia
1050 2291 1196 2327 pectora:
1220 2287 1270 2317 Fi.
1301 2287 1417 2317 inercia
1444 2287 1592 2321 rulncra;

125 2332 216 2363 unde
236 2332 353 2363 Heius.
379 2332 466 2371 conj.
493 2330 626 2361 Martia.
653 2330 807 2361 Malebat
834 2331 937 2361 etiam
962 2330 1085 2361 Martia
1112 2331 1352 2360 riscera.-096
1380 2329 1422 2359 N.
1441 2338 1502 2368 pro
1518 2337 1589 2359 var.

124 2376 203 2407 lect.
231 2376 264 2405 in
289 2377 508 2405 monta—697
535 2373 609 2404 Pal.
636 2382 704 2404 sec.
731 2374 768 2404 de
790 2373 924 2411 funerea
945 2375 1140 2412 genn—699
1167 2373 1286 2403 Heius.
1314 2372 1407 2402 malit
1432 2371 1590 2402 Nominee.

126 2418 263 2450 Deinde
282 2418 324 2449 O.
340 2423 376 2448 et
390 2427 472 2448 unus
490 2417 575 2456 Arg.
592 2416 653 2447 cin.
667 2418 839 2447 maternum
854 2417 1032 2448 aua—700
1056 2416 1132 2447 Duo
1151 2416 1230 2447 Bas.
1247 2421 1284 2447 et
1302 2424 1385 2445 unus
1402 2414 1490 2445 Mor.
1506 2414 1588 2453 sign.

790 2529 820 2561 N
827 2529 929 2562 OTAE

166 2611 231 2641 698
256 2606 409 2648 Coram]
435 2605 568 2639 Graecis
591 2606 757 2647 Stephani
782 2605 830 2637 di·
883 2615 944 2637 nus
961 2605 1131 2637 recensita
1154 2604 1187 2634 in
1210 2601 1350 2643 antiquo
1367 2610 1435 2632 aere
1451 2600 1587 2642 sculpta

125 2665 261 2692 cuntur.
317 2658 433 2700 Atque
461 2667 503 2689 ex
533 2658 594 2688 bac
620 2656 735 2688 fabula
757 2656 826 2697 glo·
883 2661 1001 2694 erant3
1025 2660 1075 2686 ant
1101 2654 1244 2685 crateris
1261 2662 1318 2683 ora
1341 2655 1461 2684 aurato
1487 2660 1588 2683 acan·

127 2710 210 2741 riam
241 2708 346 2740 fortia
369 2707 460 2739 facta
488 2717 624 2738 manere
648 2707 758 2749 quivis
785 2716 826 2738 ex
882 2707 938 2739 tho
954 2706 1168 2746 cingebatur.

127 2772 164 2795 se
181 2760 363 2800 intelligat.
923 2759 984 2788 701
1010 2754 1167 2794 Acantho]
1190 2752 1316 2785 Frutex
1340 2756 1392 2783 est
1413 2750 1585 2791 exoticus,

168 2814 232 2844 700
255 2808 434 2851 [iacemus]
453 2809 570 2852 Signa,
583 2807 702 2851 inquit,
715 2808 828 2842 hacte-
881 2816 1016 2850 semper
1029 2803 1204 2844 frondens,
1214 2801 1354 2835 floribus
1369 2801 1467 2843 albia,
1482 2811 1585 2845 quern
