1831 3023
226 236 340 280 1616
714 250 756 280 P.
788 247 958 282 ovmu..
981 247 1194 281 NASoNis

228 341 364 393 Risit,
386 347 442 392 et,
466 342 504 383 Ο
526 346 678 383 vatum
697 338 996 389 stolidissime,
1015 340 1192 391 falleris,
1213 342 1378 395 inquit:

227 409 382 452 Altera
397 409 492 463 jam
512 408 670 461 rapuit.
731 406 805 446 Sic
826 406 988 447 frustra
1003 419 1105 448 vera
1124 412 1370 449 monentem
1409 404 1411 406 ’
1594 409 1682 450 ’775

230 478 428 531 Spernit:
460 480 501 518 et
521 479 597 516 aut
617 474 821 527 gradiens
840 474 1006 526 ingenti
1026 475 1173 516 littora
1194 488 1331 529 passu

231 545 468 598 Degravat,
492 546 567 583 aut
585 542 728 583 fessus
746 543 827 582 sub
849 555 994 595 opaca
1012 546 1238 585 revertitur
1259 548 1397 585 antra.

230 611 453 652 Prominet
472 609 517 649 in
536 614 723 662 pontum
745 613 956 650 cuneatus
980 611 1177 652 acumine
1196 612 1324 663 longo

231 677 393 718 Collis:
425 681 654 730 utrumque
670 678 787 717 latus
809 677 1076 719 circumfluit
1097 680 1283 733 aequoris
1302 678 1435 720 unda.

231 744 334 784 Huc
355 743 471 783 ferus
494 743 692 784 ascendit
714 743 923 797 Cyclops,
944 744 1199 800 mediusque
1221 746 1402 787 resedit.
1598 744 1685 786 780

230 810 461 863 Lanigerae
482 810 677 864 pecudes
699 811 820 849 nullo
843 811 1027 850 ducente
1047 819 1231 852 secutae.

231 877 315 918 Cui
336 884 570 931 postquam
592 878 742 930 pinus,
764 876 912 917 baculi
935 890 1035 929 quae
1057 878 1244 930 praebuit
1263 891 1406 928 usum,

232 945 345 986 Ante
365 945 502 998 pedes
523 944 672 998 posita
691 948 774 994 est,
795 945 992 985 antennis
1012 948 1116 998 apta
1134 943 1350 997 ferendis3

232 1013 471 1065 Sumtaque
494 1012 780 1053 arundinibus
801 1016 1037 1066 compacta
1056 1017 1122 1054 est
1142 1013 1290 1054 fistula
1312 1017 1486 1055 centum
1504 1025 1515 1065 3

233 1083 468 1123 Senserunt
485 1081 565 1121 toti
586 1080 786 1133 pastoria
809 1080 937 1120 sibila
957 1084 1120 1120 montes
1137 1094 1145 1121 :
1600 1078 1687 1121 785

232 1149 468 1190 Senserunt
486 1146 631 1188 undae.
691 1146 891 1187 Latitans
913 1160 994 1199 ego
1015 1160 1137 1201 rupe,
1159 1147 1331 1200 meique

231 1215 388 1256 Acidis
410 1215 452 1254 in
473 1213 630 1266 gremio
647 1213 862 1263 residens,
885 1215 1037 1267 procul
1059 1215 1238 1255 auribus
1259 1215 1387 1255 hausi

230 1283 359 1323 Talia
379 1281 498 1322 dicta
517 1281 641 1330 meis,
663 1280 902 1334 auditaque
923 1285 1066 1322 mente
1085 1282 1256 1322 notavi:

233 1349 470 1391 Candidior
490 1348 609 1389 nivei
629 1349 749 1398 folio,
774 1349 975 1398 Galatea,
997 1349 1188 1401 ligustri3

233 1483 324 1513 habes
339 1482 370 1511 in
379 1481 487 1518 fronte
502 1481 614 1511 media.
646 1481 746 1518 Risit,
762 1484 863 1521 atque,
883 1482 911 1511 Ο
927 1484 1043 1520 vatum,
1057 1481 1170 1521 inquit,
1186 1480 1378 1521 stultissime,
1399 1479 1612 1518 halluciner-is,
1626 1480 1690 1512 alia

225 1527 295 1563 jam
311 1524 446 1554 sustulit.
493 1523 546 1553 Ita
571 1523 739 1553 contemnit
762 1523 887 1560 frustra
913 1524 1130 1571 praedicentem
1156 1533 1246 1554 vera:
1270 1527 1362 1563 atque
1377 1526 1431 1553 aut
1444 1523 1557 1563 premit
1582 1523 1691 1554 littora

233 1567 374 1598 incedens
388 1569 473 1596 vasto
487 1574 619 1604 gressu:
640 1568 694 1595 aut
710 1566 806 1595 lassus
818 1566 898 1595 redit
914 1566 945 1596 in
962 1566 1117 1596 umbrosas
1130 1566 1296 1605 speluncas,
1344 1566 1438 1596 Collis
1454 1568 1543 1596 extat
1557 1564 1590 1596 ia
1606 1575 1691 1597 mare

231 1619 289 1649 poi
292 1611 391 1639 rectus
402 1608 491 1645 longo
506 1607 664 1637 acumine.
687 1617 784 1637 mans
806 1617 885 1646 aqua
906 1608 1100 1638 circumlui-it
1115 1611 1278 1647 utrumque
1299 1608 1391 1638 latus.
1435 1607 1543 1638 Soevus
1560 1608 1691 1647 Cyclops

234 1654 292 1682 huc
318 1650 467 1687 ascendit,
488 1652 580 1689 atque
607 1649 640 1678 in
667 1648 764 1678 medio
790 1649 914 1679 resedit.
962 1651 1099 1679 Ρειυάεε
1128 1649 1268 1686 laniferoe
1303 1653 1416 1679 secutae
1454 1650 1535 1679 nullo
1568 1653 1692 1688 agente.

235 1695 280 1724 Et
297 1703 365 1733 quo,
380 1695 539 1732 postquam
549 1691 641 1730 pinus
657 1689 915 1727 idoneafeiendis
936 1691 1090 1726 antennis,
1114 1691 1259 1730 quoefnit
1272 1700 1327 1729 pro
1348 1691 1494 1731 scipione,
1509 1695 1581 1722 ante
1599 1693 1694 1730 pedes

234 1740 281 1767 est
295 1736 408 1776 posita,
422 1737 452 1764 et
464 1734 580 1775 fistula
597 1732 708 1771 juncta
723 1736 845 1763 centum
860 1733 986 1763 calamis
999 1736 1091 1773 capta
1106 1737 1163 1771 est,
1185 1733 1243 1763 toti
1259 1735 1374 1763 montes
1385 1736 1607 1772 personuerunt
1620 1733 1694 1764 sibi-

235 1780 273 1809 lis
287 1777 472 1818 pastoritiis.
522 1776 649 1807 Fluctus
676 1778 908 1815 personuerunt.
957 1776 1023 1814 Ego
1049 1779 1131 1806 tecla
1155 1785 1243 1815 rupe,
1267 1779 1357 1815 atque
1377 1776 1510 1806 sedens
1498 1785 1533 1806 in
1546 1775 1698 1808 simmei

235 1821 357 1860 Acidis,
368 1820 474 1860 procul
489 1819 594 1859 excepi
609 1817 735 1849 auribus
761 1818 836 1849 meis
852 1818 1022 1856 hujusmodi
1049 1818 1151 1858 verba,
1175 1822 1268 1858 atque
1292 1818 1394 1849 animo
1408 1818 1533 1858 signavi
1547 1822 1692 1860 accepta:

238 1864 372 1895 Galatea
388 1867 442 1894 est
456 1862 617 1893 candidior
623 1860 703 1899 folzo
719 1860 780 1891 albi
795 1861 933 1901 ligustri,
948 1860 1098 1901 floridior
1110 1861 1224 1902 pratis,
1238 1860 1369 1892 erectior
1381 1870 1510 1901 procera
1521 1862 1603 1902 alno,
1618 1861 1693 1893 luci-

851 1958 1084 1969 mumwaet

237 2026 342 2054 -774
366 2023 454 2054 Mor.
471 2027 506 2054 et
521 2022 587 2053 duo
604 2023 736 2054 aliitmat
753 2023 949 2062 stultissime,
968 2022 1042 2060 fall.
1068 2022 1162 2053 Med.
1186 2021 1226 2054 A.
1257 2028 1292 2054 et
1309 2022 1469 2053 Politiani
1489 2021 1692 2055 celeberrime

238 2069 341 2097 —777
368 2066 527 2106 Quinque
551 2066 629 2096 libri
652 2076 745 2107 opaca
774 2066 909 2097 vertitur
938 2066 1066 2096 umbr:a
1099 2066 1188 2096 Mor.
1222 2075 1314 2105 opaca
1341 2065 1517 2096 reconditur
1544 2068 1693 2095 arurae-⁴-

237 2112 300 2140 778
324 2108 419 2139 Med.
437 2119 512 2140 curu
529 2109 660 2139 duobus
678 2109 774 2139 aliis'
763 2118 796 2139 in
811 2109 935 2147 longum
950 2118 1020 2138 cun.
1043 2108 1182 2148 Septem
1198 2108 1439 2138 libricurr.atus
1465 2107 1514 2137 Fl
1531 2107 1566 2138 S.
1580 2106 1693 2137 Marci

238 2150 527 2191 cuneatusflumine
543 2152 642 2190 longo.
644 2154 751 2183 —780
775 2150 916 2182 Plurimi
939 2151 1030 2181 Hunc
1048 2149 1114 2189 fer.
1138 2151 1187 2181 Fi.
1206 2152 1239 2181 S.
1255 2151 1365 2181 Marci
1384 2149 1553 2188 mediosque
1565 2157 1621 2189 per
1637 2158 1692 2179 aes

240 2197 301 2229 tus,
322 2194 411 2233 quod
428 2204 494 2223 non
519 2193 677 2233 displicet
706 2194 825 2225 Heius.
841 2205 849 2225 z
872 2193 969 2224 multi
994 2184 1151 2233 medioque
1166 2193 1290 2222 resedit.
1294 2195 1398 2222 -783
1424 2191 1506 2230 Arg.
1523 2196 1559 2222 et
1582 2190 1695 2231 Thysii

238 2235 315 2266 Ant.
341 2236 498 2274 p.ecle›n-
504 2239 566 2266 784
591 2237 669 2266 Bas.
696 2241 732 2266 et
756 2236 837 2275 Arg.
863 2237 974 2266 ‹ir-und.
998 2235 1216 2273 conjunctaque
1231 2234 1345 2275 fist.—
1307 2237 1412 2265 -788
1437 2234 1546 2264 lIente
1573 2238 1627 2264 est
1649 2243 1694 2264 ex

237 2277 366 2307 'lhuan.
382 2287 448 2306 sec.
465 2277 505 2306 Ρ·
498 2278 542 2306 ιΙ.
564 2283 674 2316 quart.
694 2278 788 2307 Med.
806 2279 849 2308 Ο.
866 2287 916 2316 pr.
945 2277 1052 2307 Gron.
1068 2282 1103 2306 et
1119 2276 1190 2307 aliis
1207 2276 1456 2317 compluribus·
1450 2300 1457 2307 .
1484 2276 1573 2316 iulg.
1591 2276 1694 2307 verba.

240 2322 346 2350 —789
368 2318 514 2349 Berolin.
532 2319 594 2356 sol.
610 2319 779 2350 niu—790
803 2319 896 2350 Med.
916 2318 1102 2349 Frondidior
1118 2322 1200 2358 prat.
1238 2319 1343 2350 Mum
1358 2319 1461 2350 etiam
1486 2322 1589 2359 prato.
1613 2318 1693 2350 Pat.

898 2437 1036 2468 NOTAE

284 2515 344 2543 775
369 2511 496 2550 Altera]
520 2512 578 2550 Ut,
594 2509 724 2541 fatente
745 2511 846 2542 etiam
871 2515 939 2542 stu-
996 2511 1219 2551 prodiderunt
1236 2511 1367 2552 po'etae3
1392 2510 1558 2551 siquidem
1578 2515 1613 2542 et
1637 2511 1693 2542 ho-

243 2562 419 2604 pidissimo
435 2562 597 2601 Cyclope,
612 2568 800 2592 occaecatos
817 2562 941 2592 intelli·
995 2561 1050 2592 die
1067 2562 1200 2592 illorum
1222 2567 1390 2602 apparent
1415 2562 1559 2601 vestigia
1584 2561 1616 2592 in
1641 2562 1693 2593 Si-

242 2622 300 2654 gas
315 2611 514 2652 quicumque
532 2611 647 2642 Amori
663 2611 842 2642 serviendo
866 2622 939 2643 sese
995 2611 1084 2648 cilia,
1102 2612 1150 2642 uti
1167 2611 1301 2652 quidem
1318 2611 1472 2642 referunt
1487 2612 1643 2643 viatores,

243 2662 405 2704 produnt.
1038 2665 1101 2692 789
1134 2660 1293 2701 Ligustri]
1348 2662 1403 2692 Du
1431 2661 1547 2693 lroe'ne.
1587 2662 1694 2703 Cujus

286 2714 349 2742 782
376 2710 488 2750 Pinus]
525 2712 679 2743 Quantus
710 2710 814 2742 fuerit
842 2711 941 2752 Poly·
997 2712 1130 2751 quidem
1154 2710 1264 2750 flores,
1292 2721 1358 2742 non
1389 2710 1471 2742 folia
1497 2711 1574 2743 alba
1604 2717 1694 2744 sunt.

243 2762 383 2802 phemus
418 2770 461 2791 ex
489 2761 611 2791 baculo
649 2761 732 2792 licet
768 2762 941 2802 colligere.
996 2763 1062 2793 Sed
1085 2762 1294 2803 Polyphemo
1320 2762 1431 2803 poetae
1453 2761 1551 2804 plura
1566 2761 1695 2795 fuerint

244 2813 368 2855 Neque
395 2817 524 2844 temere
546 2812 589 2843 de
616 2813 812 2853 gigantibus
837 2813 943 2844 multa
997 2813 1100 2854 licita,
1116 2817 1153 2843 ut
1168 2822 1244 2844 mox
1261 2813 1407 2854 patebit.
