1831 3023
766 144 782 155 ιΝ

299 206 412 249 1Ο86
782 219 822 248 P.
856 216 1015 247 ovinu
1047 216 1257 247 NAsoms

297 311 550 363 Porrigitur‚
571 311 778 364 tenuique
798 310 966 351 inducit
983 309 1163 351 brachia
1183 324 1342 364 penna.

300 378 397 418 Nec
419 391 505 431 qua
528 378 791 430 perdiderint
807 381 996 417 veterem
1016 378 1183 418 ratione
1203 377 1384 430 figuram

299 444 421 485 Scire
443 446 584 485 sinunt
606 447 808 486 tenebrae.
870 445 975 485 Non
998 444 1097 485 illas
1116 445 1267 498 pluma
1283 446 1468 487 levavit:
1654 445 1739 486 410

299 511 551 552 Sustinuere
572 516 711 552 tamen
732 525 779 552 se
800 513 1128 565 perlucentibus
1150 514 1245 554 alis.

299 577 568 631 Conataeque
588 579 726 632 loqui,
753 579 976 619 minimam
994 592 1076 632 pro
1097 592 1274 634 corpore
1296 593 1449 621 vocem

299 644 540 687 Emittunt:
570 651 870 700 peraguntque
890 647 975 686 levi
995 646 1175 688 stridore
1197 648 1404 700 querelas.

297 712 539 766 Tectaque,
560 726 646 754 non
665 714 827 767 sylvas,
854 713 1102 754 celebrant:
1130 714 1356 767 lucemque
1374 725 1543 767 perosae

299 778 446 820 Nocte
467 781 636 822 volant:
667 793 848 834 seroque
867 781 1041 822 trahunt
1060 794 1086 822 a
1105 794 1286 834 vespere
1306 793 1476 822 nomen.
1661 778 1746 819 415

299 977 416 1021 FAB.
449 979 594 1022 XIII.
655 981 737 1023 Ino
769 987 816 1023 et
846 982 1094 1024 Melicertes
1125 981 1202 1023 Dii
1228 981 1379 1032 mariS,
1411 979 1665 1022 Leucothea
1692 991 1745 1020 ac

897 1049 1138 1091 Palaemon.

292 1144 391 1175 JUNo
416 1145 566 1184 graviter
586 1144 711 1186 ferens,
729 1148 818 1188 quod
845 1148 908 1179 Ino
936 1148 1052 1179 Liberi
1066 1149 1170 1179 altrix
1187 1146 1357 1179 sororibus
1379 1145 1504 1187 punitis
1519 1154 1596 1176 cum
1616 1142 1746 1175 duobus

336 1202 490 1228 maneret
512 1197 626 1227 liberis
642 1198 676 1227 in
694 1199 777 1235 vita,
794 1201 998 1231 contemtrix
1014 1201 1159 1231 numinis
1175 1200 1237 1238 sui,
1253 1209 1315 1239 per
1329 1200 1508 1230 Taenarum
1524 1196 1748 1238 promontori-

337 1259 393 1280 um
409 1249 668 1288 Peloponnense
693 1247 876 1280 inferorum
904 1259 1049 1290 sequens
1065 1250 1144 1290 iter,
1158 1250 1200 1280 ad
1222 1251 1387 1290 Erinnyas
1410 1250 1551 1280 ultrices
1567 1248 1748 1288 impiorum

337 1301 526 1339 descendit,
540 1301 709 1342 petiitque
724 1301 767 1331 ab
783 1301 842 1340 eis,
856 1305 895 1331 ut
910 1301 1122 1332 Athamanta
1135 1311 1211 1331 cum
1227 1303 1370 1340 conjuge
1391 1302 1454 1330 Ino
1469 1300 1678 1330 adversarios
1697 1300 1748 1330 sui

337 1353 480 1384 numinis
504 1353 760 1384 ulciscerentur.
811 1352 961 1385 Quarum
988 1362 1055 1383 una
1078 1353 1221 1394 imperio
1242 1361 1363 1393 parens
1386 1353 1487 1391 Deae,
1508 1351 1629 1383 relIcta
1654 1353 1749 1392 regia

336 1406 429 1437 Ditis
447 1406 489 1436 ad
516 1415 657 1446 superos
681 1415 818 1446 egressa
843 1410 905 1437 est.
964 1406 1012 1436 Ut
1027 1405 1241 1437 Athamantis
1263 1406 1391 1446 regiam
1416 1405 1573 1445 contigit,
1587 1405 1622 1435 in
1637 1405 1747 1436 sinum

336 1459 407 1499 ejus
425 1469 463 1489 ac
475 1459 641 1498 conjugis,
660 1468 782 1498 angues
795 1463 829 1488 et
844 1459 946 1497 virus,
959 1457 1078 1498 quibus
1094 1468 1209 1490 sensus
1225 1468 1339 1489 eorum
1357 1458 1599 1497 alienarentur,
1613 1457 1748 1497 injecit.

338 1512 446 1544 Quam
462 1511 502 1542 ob
516 1511 679 1541 insaniam
706 1511 762 1541 ille
778 1510 965 1541 Learchum
989 1510 1095 1541 filium
1119 1511 1153 1541 in
1178 1511 1359 1542 venatione
1382 1520 1444 1552 pro
1465 1510 1538 1541 fera
1561 1509 1750 1542 interfecit.

337 1564 403 1595 Ino
415 1568 528 1595 autem
544 1564 749 1594 Melicerten
765 1573 806 1594 ex
828 1564 966 1604 scopulo
984 1573 1098 1596 secum
1119 1565 1153 1594 in
1170 1564 1374 1605 profundum
1392 1563 1632 1604 praecipitavit.
1678 1561 1749 1596 Qui

336 1617 478 1648 Veneris
492 1616 652 1657 precibus
668 1626 728 1657 pro
742 1621 866 1656 nepote
885 1615 1023 1656 habitis,
1039 1627 1058 1647 a
1074 1617 1239 1657 Neptuno
1256 1618 1370 1658 pelagi
1386 1621 1532 1657 rectore,
1545 1616 1578 1647 in
1594 1617 1747 1647 Deorum

337 1679 470 1701 cessere
494 1679 680 1709 numerum,
695 1669 743 1700 ita
767 1674 805 1700 ut
820 1668 1032 1709 Melicertes,
1048 1669 1234 1710 Palaemon,
1248 1671 1324 1710 ipsa
1344 1670 1422 1710 Ino,
1441 1669 1633 1702 Leucothoe
1657 1669 1748 1700 inter

335 1723 480 1754 marinos
497 1723 590 1754 Deos
602 1726 849 1763 nuncupentur.

293 1807 421 1864 TUM
443 1836 548 1864 vero
569 1824 677 1865 totis
698 1824 867 1864 Bacchi
886 1824 1164 1864 memorabile
1191 1823 1357 1864 Thebis

294 1922 364 1952 chia
377 1922 483 1953 subtili
497 1932 606 1960 penna.
653 1923 761 1961 Neque
774 1922 906 1952 tenebrat>
917 1922 1080 1960 patiuntur
1092 1931 1271 1959 cognoscere
1280 1922 1427 1961 quomodo
1439 1920 1600 1951 amiserint
1610 1921 1747 1961 priorem

288 1963 437 2000 formam.
482 1964 596 1993 Pluma
612 1964 682 1993 illas
693 1973 751 1993 non
763 1963 886 1992 sustulit
898 1974 907 1993 :
928 1966 1065 1993 attamen
1080 1966 1260 1993 sustentata>
1271 1967 1342 1993 sunt
1354 1963 1414 1993 alis
1424 1962 1592 2001 perlucidis
1601 1973 1612 1993 .·
1633 1965 1662 1993 el
1679 1973 1748 1995 cum

294 2008 462 2035 tentassent
479 2005 572 2045 loqui,
587 2004 723 2044 afferunt
749 2004 897 2043 exiguum
911 2014 1016 2034 sonum
1029 2015 1086 2044 pro
1101 2005 1221 2034 ratione
1246 2005 1382 2044 eorporis
1393 2016 1407 2042 ;
1428 2008 1460 2035 et
1474 2008 1644 2044 queruntur
1657 2006 1744 2036 tenui

295 2047 448 2078 stridore:
475 2050 504 2077 et
521 2047 723 2087 frequentant
740 2050 833 2086 tecta,
849 2057 908 2077 non
928 2047 1051 2086 ,ψη-ας,-
1073 2050 1103 2077 et
1119 2056 1218 2077 exosa?
1234 2047 1328 2078 lucem
1344 2050 1432 2077 nocte
1447 2049 1562 2086 volant,
1577 2050 1608 2078 et
1629 2048 1745 2078 ducunt

296 2099 403 2120 nomen
418 2099 437 2119 a
453 2099 583 2128 vespere.

341 2140 423 2163 xnl.
450 2133 525 2162 Tum
540 2142 616 2165 vera.
628 2134 767 2171 potestas
784 2131 903 2161 Bacchi
925 2134 991 2161 erat
1016 2131 1142 2162 celebris
1157 2131 1232 2162 totis
1251 2131 1361 2162 Thebis
1372 2141 1383 2167 ;
1405 2134 1434 2162 et
1450 2134 1620 2162 matertera
1644 2130 1742 2170 refert

905 2216 1133 2227 mue·

297 2266 506 2308 Diversisque.
551 2269 690 2309 Lychnos
704 2278 766 2308 pro
790 2269 876 2307 ignes
891 2277 1056 2308 reponere
1073 2269 1188 2300 mallet
1210 2269 1433 2301 Heins.—407
1456 2269 1525 2300 Alii
1538 2272 1647 2310 petunt
1660 2271 1746 2300 tene-

297 2309 487 2341 bras.—408
522 2312 646 2351 Tenaz'q.
665 2321 763 2351 penna
788 2316 841 2341 cst
867 2320 909 2341 ex
934 2311 1149 2348 1nelioribus;
1186 2313 1275 2352 vulg.
1299 2317 1433 2353 tenuesq.
1452 2322 1572 2352 pennae.
1617 2311 1744 2343 Inducit

297 2357 351 2382 est
367 2362 408 2382 ex
426 2353 542 2384 Heius.
559 2353 690 2384 emend.
708 2354 797 2393 vulg.
821 2353 994 2384 includunt:
1021 2354 1075 2383 alii
1098 2353 1257 2385 inducunt.
1291 2356 1460 2395 Bernegg.
1477 2355 1591 2394 tenuiq.
1615 2353 1745 2384 includit

297 2395 423 2425 brachia
445 2399 662 2434 penna.——4l3
689 2396 791 2426 Multi
818 2395 927 2426 Codd.
950 2399 1134 2435 peraguntq.
1162 2397 1358 2428 leves.—4l4
1382 2398 1477 2428 Unus
1503 2397 1598 2428 Med.
1620 2396 1741 2436 Tectaq.

952 2468 1090 2500 NOTAE

296 2543 428 2564 sorores
440 2539 590 2568 mntatae,
603 2535 659 2574 qui
669 2535 796 2564 alarum
808 2534 882 2564 loco
895 2543 994 2564 mem-
1049 2544 1114 2574 qua
1126 2534 1305 2566 instructos
1321 2535 1403 2566 dicit
1415 2534 1670 2576 vespertiliones
1681 2537 1747 2567 ala-

298 2583 435 2614 branam
467 2584 633 2624 quandam
663 2585 802 2623 habent,
827 2594 902 2625 quae
927 2584 992 2614 illis
1047 2595 1120 2615 rum
1137 2586 1222 2617 loco.

298 2633 400 2663 etiam
417 2634 538 2673 pedum
554 2645 646 2665 usum
665 2635 807 2675 praebet.
1089 2639 1150 2667 411
1176 2636 1425 2677 Parma—entibus]
1458 2636 1547 2669 Quia
1571 2637 1669 2668 valde
1693 2640 1743 2668 te-

341 2686 403 2713 408
426 2684 550 2724 Penne]
572 2685 712 2716 Duriter
738 2684 914 2716 admodum
931 2694 993 2724 per
1047 2695 1139 2717 nues.

297 2741 427 2774 pennas
441 2736 669 2769 membranam
694 2738 786 2769 illam
811 2736 994 2777 intelligas,
