1831 3023
213 165 328 207 1414

703 177 747 206 P.
776 175 934 207 OVIDH
967 176 1181 207 NASONIS

216 271 319 313 Non
338 284 491 313 nemus
511 270 769 321 Heliadum,
790 285 877 312 non
896 272 1108 313 frontibus
1129 271 1301 313 esculus
1322 271 1440 322 altis,

215 338 316 381 Nec
335 339 439 380 tiliae
459 338 630 389 molles,
649 351 730 380 nec
750 338 895 390 fagus,
913 341 959 377 et
978 337 1138 379 innuba
1156 339 1319 379 laurus.

215 406 274 448 Et
292 407 425 461 coryli
444 406 639 459 fragiles,
656 409 702 444 et
720 405 918 444 fraxinus
938 404 1054 445 utilis
1073 406 1227 455 hastis,

215 474 470 526 Enodisque
493 473 632 519 abies,
653 474 924 523 curvataque
943 471 1169 524 glandibus
1189 472 1296 520 ilex,

215 541 273 582 Et
291 542 497 594 platanus
517 536 715 588 genialis,
731 549 914 590 acerque
935 538 1152 579 coloribus
1171 539 1326 591 impar,

1610 537 1668 579 95

217 605 549 656 Amnicolaeque
567 603 698 644 simul
717 604 900 654 salices,
918 607 960 644 et
981 605 1186 659 aquatica
1204 605 1337 654 lotos,

219 672 526 724 Perpetuoque
545 670 687 710 virens
704 670 867 720 quUS,
888 674 1128 724 tenuesque
1148 671 1347 724 myricae,

219 738 278 779 Et
296 738 464 778 bicolor
482 740 663 790 myrtus,
689 740 734 776 et
750 737 900 778 baccis
923 737 1088 778 coerula
1106 739 1221 778 tinus
1237 752 1248 789 ;

219 804 318 846 Vos
338 816 510 858 quoque
527 804 771 856 flexipedes
790 804 966 844 hederae
988 804 1187 853 venistis,
1206 808 1251 845 et
1269 816 1358 845 una

219 871 473 924 Pampineae
493 871 623 919 vites,
644 872 687 910 et
706 870 882 911 arnictae
902 870 1062 911 vitibus
1081 870 1210 910 ulmi:

1586 872 1671 913 100

222 937 431 991 (Ji-nique,
451 939 495 977 et
512 937 666 990 piceae,
687 949 910 990 pomoque
930 940 1106 977 onerata
1124 935 1296 976 rubenti

225 1053 403 1092 Heliadum,
427 1062 487 1084 non
502 1053 618 1083 esculus
632 1052 760 1083 excelsis
773 1052 878 1091 foliis,
891 1062 946 1084 nec
970 1053 1048 1084 tiliae
1064 1051 1259 1092 voluptariae,
1274 1061 1330 1082 nec
1338 1051 1448 1092 fagus,
1463 1054 1494 1083 et
1509 1055 1594 1083 casta
1608 1052 1674 1083 lau-

220 1105 283 1126 rus.
315 1096 360 1126 Et
375 1095 474 1136 coryli
488 1095 639 1135 fragiles,
653 1099 683 1126 et
690 1094 843 1133 fraxinus
853 1095 981 1126 idoneus
998 1095 1126 1134 jaculis,
1140 1097 1171 1125 et
1194 1094 1278 1125 abies
1293 1094 1407 1134 enodis,
1427 1097 1457 1125 et
1472 1094 1538 1126 ilex
1551 1095 1676 1125 sinuata

217 1137 394 1178 glandibus,
420 1143 450 1169 et
473 1138 619 1178 platanus
629 1138 773 1177 genialis,
795 1140 825 1168 et
849 1147 920 1169 acer
944 1137 1086 1176 discolor,
1102 1140 1132 1167 et
1147 1137 1240 1167 simul
1254 1137 1361 1167 salices
1375 1137 1540 1176 aquaticae,
1553 1139 1584 1167 et
1599 1137 1677 1167 lotos

213 1183 312 1219 juxta
334 1190 428 1220 aquas
449 1190 585 1219 nascem,
601 1184 632 1211 et
647 1179 746 1211 buxus
757 1189 875 1220 semper
887 1181 1001 1218 virens,
1015 1183 1045 1210 et
1059 1179 1155 1209 eaez'les
1169 1179 1306 1219 myriae,
1322 1182 1352 1209 et
1368 1181 1489 1220 myrtus
1505 1179 1629 1218 bicolor,
1644 1181 1676 1209 et

219 1224 304 1254 tinus
327 1224 457 1254 coerulea
484 1223 583 1254 baccis
596 1233 609 1259 ;
642 1232 695 1253 vos
715 1222 811 1253 etiam
837 1223 955 1253 hederae
973 1222 1150 1263 flexipedes
1177 1220 1328 1262 affuistiS,
1354 1224 1386 1252 et
1412 1231 1473 1252 una
1487 1222 1568 1252 vites
1587 1231 1676 1261 pam-

219 1266 330 1306 pineae,
345 1268 377 1296 et
402 1265 479 1297 ulmi
500 1265 658 1296 maritatae
673 1265 799 1305 vitibus,
816 1268 845 1296 et
862 1265 942 1306 orni,
958 1268 987 1296 et
998 1265 1108 1306 piceae,
1123 1267 1152 1295 et
1167 1263 1294 1295 arbutus
1308 1267 1417 1295 onusta
1433 1274 1522 1305 pomo
1543 1263 1677 1303 rubenti,

832 1346 1068 1358 aeeeoeeeeeeaeo

222 1411 291 1441 sup.
313 1401 523 1441 placidissima
546 1404 731 1440 camp.-—9l
757 1401 850 1433 Olim
867 1400 955 1432 Edd.
979 1410 1040 1431 non
1057 1400 1240 1438 frondibus.-
1262 1401 1378 1432 Burm.
1400 1403 1501 1441 putat
1517 1399 1679 1438 frontibus

222 1443 343 1474 melius
371 1443 552 1474 convenire
570 1444 614 1482 τῷ
629 1444 797 1474 altis—93
822 1443 952 1474 Genev.
967 1443 1053 1473 corni
1077 1452 1139 1483 pro
1166 1443 1361 1483 coryli.-94
1382 1443 1464 1474 Tres
1481 1442 1556 1473 libri
1571 1451 1678 1473 onera-

224 1488 409 1525 taque—95
436 1486 599 1516 Nonnulli
614 1486 693 1525 plat.
713 1486 961 1524 genitalis.—97
985 1485 1080 1515 Unus
1100 1485 1189 1516 Mor.
1214 1490 1247 1516 et
1275 1485 1409 1525 Fragm.
1426 1485 1597 1517 Boxhorn.
1621 1484 1678 1514 hu-

223 1529 369 1568 milesque
398 1530 565 1568 mma—98
591 1528 686 1559 Tinus
711 1533 762 1559 est
786 1538 829 1558 ex
854 1527 975 1558 Heius.
1006 1527 1139 1557 emend.
1165 1529 1255 1565 vulg.
1281 1527 1386 1568 ficus.-
1409 1528 1547 1568 quidam
1568 1527 1679 1567 pinus:

223 1571 403 1610 Langerm.
426 1569 510 1601 Cod.
534 1570 630 1608 cinus,
653 1570 742 1609 quod
770 1568 976 1609 praeferebat
1004 1569 1182 1600 Constant.
1211 1570 1393 1600 Fam—99.
1416 1572 1478 1600 100
1500 1568 1678 1600 Turnebus

224 1613 376 1645 restituit
392 1611 589 1652 flexipedeae
613 1611 692 1641 olim
703 1611 875 1651 flexibiles.
921 1610 1058 1641 Deinde
1074 1611 1196 1641 Heins.
1213 1614 1242 1641 et
1256 1621 1315 1641 uva
1331 1611 1466 1642 Amictoe
1479 1612 1536 1642 vit.
1579 1610 1680 1642 Scho-

226 1656 341 1686 liastes
357 1654 456 1685 Statii
473 1658 509 1684 et
525 1653 623 1683 multi
638 1653 757 1693 scripti
774 1656 804 1683 et
819 1653 939 1684 Amicae
954 1652 1042 1683 vitib.
1088 1653 1189 1683 Alter
1205 1651 1336 1683 Erfurt.
1357 1655 1590 1684 amatae.—101
1615 1654 1681 1683 Lu-

886 1742 1025 1774 NOTAE

267 1823 305 1852 91
333 1821 451 1851 Nemus
476 1819 660 1860 Heliadum]
702 1819 854 1859 Populos
878 1817 926 1848 di-

226 1871 286 1911 cit,
301 1870 335 1901 in
351 1880 433 1912 quas
449 1870 614 1902 Heliades
642 1880 701 1901 seu
724 1869 810 1901 Solis
828 1867 927 1907 filias,

225 1920 448 1953 Phaethontis
476 1930 618 1960 sororeS,
648 1924 793 1951 mutatas
823 1918 926 1949 fuisse

229 1981 329 2012 supra
345 1972 367 2002 Ι.
384 1980 425 2002 11.
441 1970 595 2002 vidimus.

273 2020 418 2060 Escuzus]
437 2020 550 2051 Arbor
566 2024 617 2050 est
628 2019 831 2060 glandifera,
847 2018 927 2050 Jovi

227 2080 337 2110 sacra,
366 2072 459 2111 cujus
491 2069 679 2111 glandibus,
705 2069 853 2100 nondum
878 2068 926 2098 in-

228 2120 339 2152 ventis
368 2118 532 2160 frugibus,
558 2119 658 2159 primi
684 2119 841 2150 mortales
865 2127 926 2158 pro

229 2179 308 2202 esca
323 2169 522 2200 utebantur.

270 2223 312 2252 92
337 2218 474 2259 Innuba]
507 2218 607 2257 Quia,
626 2222 664 2248 ut
691 2218 723 2248 in
749 2217 927 2258 superiori-

226 2271 290 2303 bus
305 2270 461 2310 legimus,
475 2268 634 2309 Daphne,
651 2278 728 2309 quae
746 2267 780 2298 in
796 2269 926 2299 laurum

228 2325 373 2360 mutata,
397 2329 566 2360 nunquam
607 2319 773 2359 Apollinis
807 2318 928 2349 amori-

229 2373 291 2405 bus
307 2381 420 2403 anrem
436 2370 593 2411 praebere
611 2369 727 2400 voluit.

273 2425 313 2454 95
340 2420 498 2460 Genialis]
545 2419 656 2451 Genio
684 2429 723 2450 ac
759 2419 928 2459 voluptati

231 2472 368 2503 dicata:
394 2481 461 2513 qno
491 2480 616 2511 genere
644 2470 801 2500 arborum
827 2468 927 2499 hodie

231 2521 334 2555 etiam
351 2522 544 2553 ambulacra
559 2525 702 2562 opacata
716 2520 888 2552 habemus.

276 2572 434 2604 Color-ibus
445 2572 559 2612 impar]
579 2572 798 2612 Quapropter
814 2570 930 2601 etiam-

230 2633 311 2655 num
344 2622 445 2654 hodie
470 2622 504 2653 in
531 2622 653 2663 pretio.
693 2621 782 2653 Gall.
803 2620 930 2651 dieitur

229 2672 342 2704 emble.

274 2724 317 2753 96
339 2721 447 2762 Locos]
470 2720 582 2754 Arbor
606 2725 658 2753 est
682 2719 812 2754 Africae
833 2718 931 2753 fami·

980 1816 1086 1856 liaris,
1101 1815 1251 1847 fructum
1276 1814 1390 1846 ferens
1420 1814 1506 1847 adeo
1537 1819 1685 1856 gratum,

980 1873 1018 1899 ut
1037 1866 1227 1908 hospitibus
1256 1866 1377 1907 patriae
1405 1865 1610 1899 oblivionem
1633 1867 1683 1898 in-

981 1918 1106 1949 ducere
1123 1917 1268 1948 dicatur.

1023 1970 1064 1998 97
1089 1966 1237 2007 Myricoe]
1273 1965 1423 2006 Virgulti
1453 1970 1507 1997 est
1537 1966 1683 2007 species,

982 2027 1081 2057 qnam
1106 2026 1166 2047 nos
1192 2025 1349 2046 vocamus
1371 2017 1423 2046 des
1450 2015 1609 2057 bruyeres,
1638 2018 1680 2048 du

980 2067 1139 2098 tamarisc.

1022 2121 1064 2148 98
1087 2116 1229 2157 Myrtus]
1265 2114 1458 2146 Arbuscula
1482 2120 1534 2147 est
1555 2117 1682 2147 Veneri

980 2168 1106 2203 dicata,
1124 2167 1222 2206 cnjus
1238 2166 1346 2196 altera
1361 2170 1461 2205 parte
1478 2165 1559 2197 folia
1580 2167 1681 2206 paulo

982 2219 1025 2250 ad
1040 2218 1213 2259 nigritiem
1231 2222 1388 2257 vergunt.

1024 2268 1133 2307 Tinus]
1157 2268 1288 2298 Laurus
1309 2272 1362 2297 est
1383 2267 1560 2307 sylvestris
1575 2277 1684 2299 coeru-

981 2319 1036 2349 lea
1050 2318 1167 2355 bacca,
1183 2321 1220 2347 ut
1236 2315 1342 2347 refert
1358 2315 1504 2347 Plinius.

1025 2370 1066 2398 99
1090 2366 1287 2406 Flexipedes]
1320 2365 1459 2396 Hedera
1485 2375 1578 2404 vero,
1604 2376 1682 2408 quae

981 2417 1119 2449 Baccho
1141 2426 1251 2455 sacra,
1278 2415 1410 2446 nodosis
1434 2420 1470 2446 et
1485 2415 1684 2448 errabundis

981 2467 1135 2507 flagellis,
1151 2472 1311 2507 tanquam
1331 2464 1427 2497 flexis
1448 2469 1484 2497 et
1499 2466 1610 2498 curvis
1625 2476 1685 2508 pe-

983 2517 1095 2556 dibus,
1112 2517 1230 2558 serpit.

1028 2570 1089 2597 100
1112 2566 1260 2606 Amictae]
1282 2566 1371 2598 Quia
1394 2565 1482 2596 vites
1503 2566 1602 2598 ulmis
1618 2565 1683 2599 ful·

985 2617 1053 2649 cire
1070 2620 1327 2648 consueverant.

1029 2670 1088 2698 101
1116 2669 1211 2709 Orni]
1260 2667 1311 2697 Eo
1339 2665 1476 2697 nomine
1515 2670 1684 2698 montanae

987 2717 1125 2750 arbores
1160 2717 1325 2759 quaelibet
1362 2715 1614 2758 intelliguntur,
1646 2716 1682 2748 in
