1831 3023
141 211 253 254 1310
626 220 668 250 P.
701 217 859 249 ovum
892 215 1106 246 NASONis

141 318 366 359 Erubuere
388 318 496 359 viri:
531 327 662 369 seque
683 313 994 363 exhortantur;
1026 314 1069 352 et
1088 310 1258 355 addunt

142 385 254 427 Cum
269 386 458 426 clamore
481 384 677 433 animos3
703 381 959 435 jaciuntque
983 380 1076 420 sine
1099 378 1250 419 ordine
1271 375 1370 417 tela.

140 452 290 494 Turba
310 456 438 493 nocet
449 451 607 506 jactis:
639 454 697 498 et,
721 460 836 500 quos
856 447 980 499 petit,
998 445 1180 499 impedit
1199 445 1325 484 ictus.
1482 465 1484 467 >
1511 439 1597 481 390

143 518 260 560 Ecce
279 519 424 559 furens
444 520 592 558 contra
614 527 693 554 sua
718 514 810 553 fata
827 512 1076 565 bipennifer
1095 511 1256 561 Arcas,

144 586 320 627 Discite
339 582 556 625 foemineis
576 580 681 633 quid
702 579 792 620 tela
811 579 959 620 virilia
977 583 1201 632 praestent,

145 652 184 692 Ο
200 652 400 706 juvenes,
425 649 632 703 operique
650 659 749 687 meo
771 646 1013 696 concedite,
1040 647 1169 687 dixit.

145 719 252 772 Ipsa
273 719 364 759 suis
385 718 489 758 licet
505 716 621 756 hunc
647 713 840 755 Latonia
859 716 1059 766 protegat
1077 713 1235 765 armis3

146 785 279 826 Hunc
301 789 444 826 tamen
464 783 601 824 invita
624 782 810 834 perimet
827 793 924 821 mea
946 780 1103 821 dextra
1124 781 1287 822 Diana.
1515 774 1603 816 395

143 853 275 894 Talia
293 851 573 905 magniloquo
593 849 788 889 tumidus
812 851 1133 889 memoraverat
1153 860 1225 888 ore
1242 861 1253 889 :

144 919 486 973 Ancipitemque
506 929 639 958 manu
659 915 819 957 tollens
839 914 1024 969 utraque
1047 914 1252 963 securim,

145 987 366 1028 Institerat
387 985 552 1038 digitis,
575 983 742 1038 primos
763 994 1008 1038 suspensus
1030 983 1074 1022 in
1096 984 1232 1022 artus.

146 1052 353 1106 Occupat
374 1052 603 1101 audacem,
626 1064 801 1105 quaque
820 1054 886 1092 est
906 1051 979 1091 via
998 1049 1203 1104 proxima
1220 1048 1327 1096 leto,

146 1120 329 1161 Summa
347 1119 462 1160 ferus
482 1119 678 1172 geminos
699 1117 860 1158 direxit
880 1118 925 1157 in
945 1116 1124 1169 inguina
1142 1115 1304 1155 dentes.
1520 1109 1605 1150 400

146 1187 349 1229 Concidit
367 1185 563 1227 Ancaeus
580 1199 589 1228 ε
622 1186 946 1238 glomerataque
967 1184 1174 1235 sanguine
1193 1182 1330 1222 multo

146 1253 336 1295 Viscera
351 1255 479 1308 lapsa
499 1253 662 1295 fluunt:
692 1251 1028 1305 madefactaque
1048 1254 1159 1292 terra
1180 1261 1329 1290 cruore
1350 1250 1433 1288 est.

148 1321 252 1362 Ibat
271 1322 315 1361 in
333 1322 580 1370 adversum,
602 1320 751 1374 proles
775 1319 961 1368 Ixionis,
981 1319 1152 1359 hostem

149 1388 391 1439 Pirithous,
412 1387 561 1430 valida
581 1388 781 1441 quatiens
799 1386 1014 1426 venabula
1033 1384 1199 1425 dextra.

148 1532 208 1560 tua
222 1528 330 1559 virtus.
358 1527 450 1559 Viros
460 1528 572 1568 puduit
586 1538 596 1563 ‚·
618 1537 707 1568 seque
719 1527 935 1566 exhortantur,
950 1530 981 1558 et
993 1526 1159 1557 incendunt
1171 1524 1290 1556 animos
1299 1533 1367 1554 cum
1378 1520 1608 1561 vociferatione,

147 1574 179 1602 et
194 1570 319 1602 vibrant
325 1570 434 1609 jacula
444 1571 510 1601 sine
524 1571 641 1601 ordine.
688 1571 845 1611 Numerus
855 1570 938 1600 obest
953 1568 1110 1607 immissis,
1124 1572 1156 1599 et
1167 1568 1306 1608 prohibet
1315 1567 1405 1604 ictus,
1416 1574 1490 1606 quos
1503 1565 1606 1595 studet

148 1613 302 1654 infligere.
329 1614 408 1644 Ecce
421 1615 445 1644 A
450 1623 518 1643 rcus
529 1613 650 1652 bipenni
661 1613 832 1643 instructus
842 1614 982 1643 incensus
991 1615 1097 1642 contra
1105 1610 1250 1648 suasata,
1263 1608 1459 1648 cognoscite,
1470 1607 1606 1646 inquit,o

142 1655 283 1697 juvenes,
293 1659 440 1696 quantum
452 1665 537 1686 arma
548 1655 651 1685 virilia
664 1655 849 1685 antecellant
857 1654 1026 1693 foemineis,
1035 1658 1065 1684 et
1077 1654 1172 1684 locum
1183 1654 1256 1683 date
1266 1661 1331 1683 meo
1341 1651 1474 1690 incepto.
1491 1649 1607 1684 Quam·

149 1699 197 1729 vis
210 1699 277 1738 ipsa
294 1699 401 1729 Diana
414 1699 491 1728 hunc
507 1700 631 1728 tuentur
644 1697 707 1727 suis
722 1697 830 1736 armis,
844 1701 945 1728 tamen
957 1706 1066 1727 manus
1078 1706 1145 1726 mea
1158 1695 1239 1725 hunc
1253 1693 1402 1725 mactabit
1412 1693 1535 1722 nolente
1546 1691 1607 1722 Di-

149 1750 220 1771 ana.
246 1741 337 1771 Talia
354 1740 482 1780 inflatus
495 1740 666 1779 protulerat
683 1749 735 1770 ore
749 1739 887 1780 superbo,
904 1743 934 1770 et
950 1739 1057 1770 tollens
1069 1738 1228 1778 bipennem
1243 1736 1387 1768 ambabus
1399 1733 1550 1773 munibus,
1563 1733 1610 1764 in-

149 1783 242 1814 nixus
256 1786 323 1814 erut
339 1782 451 1821 digitis
463 1783 560 1813 elatus
575 1782 607 1813 in
618 1785 772 1813 extremos
785 1785 884 1813 artus.
911 1782 998 1812 Trux
1015 1790 1097 1822 aper
1110 1780 1271 1820 proevertit
1286 1779 1449 1810 audentem
1462 1787 1473 1813 ‚·
1498 1779 1530 1807 et
1546 1786 1608 1817 qua

149 1825 212 1856 iter
226 1829 272 1856 est
287 1827 381 1856 morti
392 1825 568 1864 proximum
578 1825 706 1856 immisit
719 1826 858 1864 geminos
872 1825 978 1855 dentes
993 1824 1025 1854 in
1038 1826 1178 1854 extrema
1193 1821 1334 1862 inguina.
1358 1821 1492 1852 Ancaeus
1507 1820 1609 1860 lapsus

151 1871 209 1907 est,
222 1871 251 1898 et
266 1868 414 1898 intestina
427 1868 564 1899 involuta
579 1869 674 1898 multo
688 1876 794 1898 cruore
811 1869 874 1898 loco
888 1870 971 1898 mota
983 1869 1174 1907 sparguntur
1186 1876 1195 1896 .·
1211 1868 1301 1905 atque
1312 1865 1421 1895 humus
1431 1861 1548 1900 infecta
1562 1865 1609 1892 est

149 1911 308 1950 sanguine.
334 1911 497 1941 Pirithous
499 1910 591 1952 filius
604 1909 890 1947 Ixionisserebatur
900 1910 932 1941 iu
943 1910 1061 1941 hostem
1069 1909 1252 1950 oppositum,
1266 1907 1392 1947 agitans
1403 1906 1521 1946 spicula
1524 1904 1610 1943 forti

763 1993 995 2005 “mucce-ee

152 2057 215 2086 392
231 2056 314 2090 Quid
330 2066 396 2087 uon
411 2057 493 2088 satis
510 2056 667 2087 Latinum
679 2056 817 2096 judicat
834 2056 954 2086 Heius.
972 2056 1027 2096 qui
1045 2056 1141 2086 malit
1170 2065 1245 2086 cum
1262 2054 1371 2085 tribus
1394 2053 1480 2084 Mss.
1506 2062 1609 2093 quam,

154 2098 176 2130 i.
191 2107 221 2128 e.
237 2105 422 2138 quamtum:
450 2100 565 2130 Bnrm.
592 2109 675 2129 vero
698 2099 772 2137 quid
799 2098 1013 2128 retinendum
1043 2102 1173 2134 censet,
1198 2098 1347 2137 citatque
1371 2096 1513 2126 Terent.
1540 2096 1608 2126 Eu-

154 2141 254 2171 nuch.
272 2150 312 2171 11.
330 2143 359 2171 2.
383 2144 414 2171 1.
439 2147 474 2172 et
493 2142 629 2171 Phorm.
647 2150 678 2171 v.
696 2143 725 2171 3.
743 2144 772 2171 7.
819 2140 920 2170 Multi
938 2141 1045 2171 Codd.
1071 2143 1246 2180 proestant;
1269 2139 1421 2170 nonnulii
1435 2139 1609 2169 distant.—

154 2185 218 2213 394
243 2183 283 2213 A.
309 2188 343 2213 et
360 2193 443 2213 unus
463 2184 550 2214 Mor.
569 2193 614 2213 su.
630 2183 768 2222 quumvis
782 2183 855 2213 Lat.
902 2183 1022 2213 Heius.
1040 2193 1115 2213 cum
1132 2192 1198 2212 uno
1215 2182 1309 2213 Med.
1327 2180 1467 2222 praefert
1482 2180 1610 2212 Latoiu-

154 2227 258 2256 -395
284 2225 431 2255 Bel-ofin.
449 2232 481 2256 et
505 2225 668 2256 Heidelb.
716 2225 783 2255 Inv.
808 2228 883 2254 tum.
907 2225 1104 2256 huna—396
1129 2224 1223 2255 Med.
1248 2230 1357 2265 quart.
1378 2225 1450 2254 Tal.
1478 2223 1610 2262 grandi-

155 2268 251 2307 loquo.
299 2268 396 2299 Leid.
419 2274 453 2298 et
481 2269 563 2299 alius
587 2278 690 2307 magn.
717 2267 867 2304 timidus;
891 2277 975 2298 uuus
993 2268 1086 2298 Med.
1103 2269 1242 2301 nitidus,-
1266 2267 1351 2297 alter
1364 2266 1609 2304 juvenis—398

156 2310 277 2341 Heius.
294 2311 431 2341 volebat
446 2312 523 2341 [nst.
538 2310 649 2351 primis
664 2310 786 2349 digitis,
800 2319 880 2349 susp.
892 2311 943 2349 ἅμ’.
961 2310 1172 2350 improbante
1189 2311 1415 2340 Binum—399
1431 2309 1490 2340 Pr.
1502 2308 1610 2340 Gron.

155 2362 222 2383 sec.
240 2354 332 2384 Med.
350 2352 477 2383 Arund.
496 2359 532 2384 et
549 2354 603 2383 alii
623 2354 693 2383 Oce.
710 2353 992 2384 audentem—400
1015 2354 1090 2384 Sec.
1108 2353 1181 2384 Pal.
1198 2358 1233 2383 et
1251 2357 1320 2383 tres
1339 2352 1396 2382 alii
1418 2352 1452 2381 in
1478 2350 1609 2390 inguina

157 2404 219 2435 pro
231 2396 320 2434 vulg.
337 2397 376 2426 ud
393 2396 542 2434 inguina:
567 2405 649 2425 unus
667 2394 759 2426 Med.
776 2400 811 2425 ct
829 2405 912 2425 unus
932 2396 1003 2426 Pal.
1032 2398 1072 2426 ad
1097 2396 1272 2426 ilia-402
1298 2395 1415 2426 Fluunt
1447 2395 1480 2424 in
1505 2393 1608 2434 pluri-

157 2437 220 2468 mis
237 2438 345 2469 Codd.
360 2445 394 2470 et
412 2438 497 2470 Edd.
512 2438 569 2469 alii
584 2439 706 2469 cadunt.
754 2437 794 2467 In
808 2438 979 2469 Dominio.
996 2444 1107 2470 autem
1126 2438 1209 2470 Vise.
1226 2441 1318 2478 rupta
1334 2438 1467 2474 cadunt,-
1490 2436 1525 2467 in
1541 2435 1608 2467 alio

811 2546 948 2578 NOTAE

200 2620 264 2649 390
290 2619 373 2654 Quos
384 2621 480 2662 petit]
508 2622 596 2654 Quia
610 2622 644 2652 in
661 2631 696 2653 se
711 2621 854 2653 invicem
953 2625 1014 2653 394
1038 2621 1186 2662 Latonia]
1214 2621 1336 2660 Diana,
1353 2620 1494 2651 Latonae
1510 2617 1590 2650 filia.

159 2669 228 2699 tela
246 2668 474 2702 incurrebant.
954 2675 1016 2702 398
1042 2672 1180 2712 Digitis]
1203 2671 1333 2703 Pedum
1346 2669 1507 2710 iutellige-
1553 2668 1611 2700 Ita

203 2721 264 2775 391}
291 2720 470 2761 Concedite]
506 2721 652 2753 Gloriosi
671 2726 722 2754 cst
738 2722 856 2762 oratio,
911 2732 991 2753 vero
1009 2722 1040 2752 in
1057 2723 1129 2753 illos
1146 2723 1255 2754 solent
1267 2723 1442 2762 insurgere
1459 2719 1516 2762 qui
1530 2719 1610 2751 totis

160 2778 236 2801 sese
249 2771 580 2812 inaiiiterjactaiitis.
912 2772 1040 2804 viribus
1056 2772 1161 2804 ictum
1177 2773 1332 2804 nituntur
1346 2771 1543 2812 impingere.
