1831 3023
497 267 966 300 METAMORPHOSEON
1003 269 1098 301 ma.
1131 268 1247 300 xm.
1490 263 1603 305 1599

144 363 467 418 Exspoliatque
487 375 622 417 genas
642 362 797 412 oculis,
816 362 943 418 (facit
963 365 1028 406 ira
1047 362 1304 417 valentem,)

144 429 459 485 Immergitque
479 443 658 472 manus:
696 429 952 484 foedataque
971 432 1181 485 sanguine
1202 431 1318 472 sonti

146 497 250 539 Non
269 498 430 549 lumen,
448 510 590 552 neque
610 496 726 538 enim
747 503 965 552 superest,
984 500 1085 540 loca
1104 498 1283 540 luminis
1301 497 1457 540 haurit.

144 563 284 606 Clade
305 568 374 608 sui
393 566 613 607 Thracum
634 577 739 617 gens
759 565 923 608 irritata
945 567 1115 621 tyranni
1516 565 1601 608 565

144 631 321 674 Troada
342 633 523 673 telorum
543 631 827 687 lapidumque
848 634 1068 674 incessere
1082 634 1210 687 jactu

147 698 314 752 Coepit.
374 698 436 739 At
455 699 551 740 haec
570 699 753 740 missum
774 713 910 740 rauco
932 713 1032 740 cum
1053 714 1269 742 murmure
1291 713 1449 742 saxum

147 764 377 806 Morsibus
397 765 665 819 insequitur:
695 766 894 818 rictuque
916 766 959 806 in
980 767 1114 806 verba
1134 772 1288 819 parato

148 832 362 882 Latravit,
383 836 542 873 conata
559 833 694 886 loqui.
755 833 905 873 Locus
925 837 1063 882 extat,
1086 838 1131 873 et
1152 847 1210 874 ex
1230 847 1278 875 re

148 897 322 940 Nomen
342 899 499 940 habet:
531 903 807 952 veterumque
830 899 906 940 diu
927 912 1093 940 memor
1109 899 1188 941 illa
1207 901 1436 954 malorum,
1518 903 1603 944 570

147 967 265 1009 Tum
284 979 458 1020 quoque
482 965 707 1006 Sithonios
723 967 906 1008 ululavit
923 970 1081 1007 moesta
1099 980 1178 1020 per
1198 980 1342 1021 agros.

149 1035 278 1077 Illius
298 1033 523 1086 Troasque
544 1045 664 1082 suos,
686 1032 924 1086 hostesque
947 1033 1180 1086 Pelasgos,

148 1102 277 1144 lllius
299 1101 493 1142 Fortuna
514 1099 636 1140 Deos
657 1112 833 1153 quoque
853 1103 1045 1140 moverat
1065 1112 1215 1140 omnes
1232 1114 1241 1140 ε

150 1168 225 1210 Sic
247 1180 412 1216 omnes,
433 1170 479 1207 ut
499 1169 540 1206 et
559 1165 659 1219 ipsa
677 1165 705 1206 J
710 1166 808 1206 ovis
827 1166 1079 1220 conjuxque
1101 1179 1306 1221 sororque

149 1233 344 1277 Eventus
365 1233 600 1275 Hecubam
620 1234 832 1275 meruisse
852 1235 1072 1288 negaverit
1093 1235 1212 1276 illos.
1523 1238 1607 1280 575

151 1373 190 1394 ex
201 1364 303 1403 genis,
325 1363 398 1401 (ira
411 1363 567 1394 ministrat
582 1363 699 1404 vires,)
723 1366 754 1394 et
778 1364 880 1406 inficit
907 1374 1025 1402 manus,
1042 1368 1073 1396 et
1095 1365 1176 1395 eruit
1192 1375 1252 1396 non
1274 1366 1386 1405 oculos,
1411 1375 1505 1406 neque
1528 1366 1610 1397 enim

149 1410 281 1444 restant,
310 1406 368 1436 sed
385 1407 468 1436 sedes
483 1406 646 1436 amalorum.
694 1406 793 1438 Natio
812 1407 943 1438 Thracia
958 1407 1074 1447 offensa
1097 1409 1208 1438 damno
1231 1409 1280 1438 sui
1296 1408 1391 1448 regis,
1416 1409 1508 1448 coepit
1524 1408 1609 1439 inva-

153 1449 223 1479 dere
242 1448 408 1486 Trojanam
427 1448 520 1486 jactu
551 1458 697 1478 saxorum
723 1452 752 1479 et
777 1449 950 1480 missilium.
996 1451 1041 1480 At
1068 1450 1132 1480 haec
1155 1449 1353 1489 persequitur
1377 1451 1493 1490 lapides
1508 1450 1615 1488 jactos

151 1491 302 1521 morsibus
315 1500 384 1520 cum
399 1499 555 1521 murmure
569 1500 678 1520 rauco:
701 1494 731 1520 et
745 1494 856 1521 conata
872 1491 944 1529 fari
957 1500 1007 1521 ore
1023 1491 1056 1520 in
1079 1491 1170 1521 rerba
1182 1495 1305 1529 parato,
1321 1492 1463 1522 latravit.
1508 1493 1611 1522 Locus

151 1536 290 1573 superest
306 1535 336 1563 et
351 1532 441 1562 habet
463 1541 570 1562 nomen
585 1542 625 1563 ex
639 1542 692 1562 re.-
715 1535 807 1572 atque
830 1533 886 1563 illa
909 1533 963 1563 diu
988 1533 1152 1563 recordans
1175 1532 1372 1572 antiquarum
1394 1543 1611 1573 arumnarum,
1635 1568 1641 1574 ,

152 1578 216 1605 tum
231 1575 325 1605 eliam
340 1574 442 1604 tristis
455 1574 585 1604 ululat-it
607 1583 664 1614 per
679 1583 799 1614 campos
812 1573 981 1604 Sithonios.
1025 1573 1100 1604 Sors
1123 1574 1206 1604 iuius
1229 1575 1379 1613 tetigerat
1403 1578 1433 1605 et
1452 1576 1612 1614 Rnjunos,

151 1620 182 1648 et
198 1617 325 1648 Grecos
334 1615 446 1655 hostes,
458 1619 551 1656 atque
562 1625 664 1646 omnes
678 1616 763 1647 Deos
777 1616 901 1656 insuper
910 1627 920 1646 .·
936 1617 982 1646 ita
997 1626 1110 1656 omnes,
1121 1619 1154 1646 ut
1169 1619 1197 1646 et
1212 1617 1278 1656 ipsa
1291 1616 1383 1648 Jovis
1395 1627 1473 1648 uxor
1484 1620 1514 1648 et
1526 1627 1612 1649 soror

151 1660 270 1691 dixerit
286 1658 445 1690 Hecubam
461 1668 521 1689 non
534 1667 598 1688 esse
610 1658 738 1696 dignam
750 1658 924 1696 hnjusmodi
939 1658 1054 1688 exitus.

765 1750 1000 1762 eeeeeeeeeeee

151 1814 243 1853 genis
257 1813 375 1844 oculos.-
400 1811 433 1842 in
451 1812 619 1843 nonnullis
636 1812 782 1852 expilatq.
800 1811 832 1842 in
848 1811 957 1842 altero
968 1812 1009 1842 V.
1021 1815 1057 1843 et
1071 1812 1208 1843 Caelest.
1234 1813 1415 1854 Expoliatq.
1440 1823 1490 1854 pr.
1504 1814 1611 1848 Gron.

156 1862 192 1887 et
206 1856 340 1887 Thuan.
368 1860 403 1886 et
429 1854 546 1885 decem
572 1855 628 1885 alii
657 1854 846 1894 Extraxitq.
870 1853 994 1884 Heius.
1019 1853 1152 1895 profert
1179 1856 1344 1895 Exptlutq.
1366 1865 1407 1886 ex
1425 1865 1477 1897 pr.
1493 1862 1530 1888 et
1544 1867 1612 1890 sec.

156 1898 233 1930 Pal.
250 1898 293 1929 V.
310 1898 408 1929 Cant.
426 1898 470 1928 0.
486 1901 566 1928 tert.
582 1903 692 1938 quart.
709 1897 801 1927 Med.
820 1901 855 1927 et
880 1896 994 1927 multis
1020 1898 1106 1928 aliis.
1151 1897 1280 1928 Suadet
1294 1899 1395 1928 etiam
1407 1908 1503 1937 genas
1517 1901 1614 1931 oculis

156 1950 199 1972 ex
214 1949 280 1971 uno
296 1941 336 1972 R.
352 1940 408 1979 qui
423 1939 526 1970 babet
546 1940 705 1980 Expilutq.
730 1949 828 1978 genae
840 1939 947 1970 oculis-
994 1940 1128 1970 Deinde
1145 1949 1230 1970 unus
1251 1939 1382 1972 Ciofan.
1409 1946 1488 1973 tert.
1514 1943 1611 1974 Med.

157 1989 193 2014 et
217 1983 315 2014 multi
339 1982 408 2022 alii,
434 1983 483 2013 ira
504 1985 668 2022 potentem.
714 1980 870 2019 Plurimi,
895 1984 1169 2013 nocentem—563
1194 1983 1342 2014 Berolin.
1357 1993 1447 2023 sang.
1462 1985 1613 2015 sontis.—

157 2028 221 2057 566
244 2025 392 2057 Beroiin.
425 2025 570 2055 Troiada.
609 2025 704 2055 Unus
731 2024 888 2055 Ambros.
915 2029 951 2055 et
979 2024 1098 2055 Heius.
1125 2024 1320 2065 lapidumque
1347 2026 1612 2058 lacessere—568

157 2067 314 2109 Plurimi,
327 2070 368 2098 ad
383 2067 594 2099 verbm-5⁶9
619 2066 713 2098 Med.
727 2072 763 2098 et
786 2067 876 2098 Mor.
900 2066 984 2097 canis
1008 2077 1068 2107 pro
1084 2068 1281 2099 laeua—571
1306 2068 1407 2109 Vuig.
1427 2069 1511 2100 Tunc
1525 2080 1612 2110 quoq.

806 2157 946 2190 NOTAE

202 2237 266 2266 566
291 2233 427 2275 Troada]
450 2234 628 2266 Hecubam
640 2234 837 2275 Trojanam.
915 2233 1041 2264 strabo
1072 2233 1230 2271 collocat,
1256 2234 1342 2263 canis
1363 2234 1547 2273 sepulcrum,
1562 2246 1613 2265 κυ-

203 2287 268 2316 568
291 2283 466 2324 Μοτείὺιιο]
496 2283 537 2314 Iu
569 2293 688 2315 canem
718 2288 861 2324 propter
915 2282 965 2314 νὸς
979 2285 1075 2323 σῆμα,
1090 2284 1229 2321 dicitur,
1244 2284 1454 2325 principibus
1473 2295 1615 2325 praeser-

164 2334 266 2366 animi
289 2334 415 2365 rabiem
440 2338 476 2364 et
503 2333 728 2364 acerbitatem
753 2338 860 2364 muta-
916 2334 977 2364 tim
994 2339 1257 2364 monumentum.

164 2389 234 2416 tam
249 2383 366 2415 voinnt
383 2383 582 2420 Hecubam;
605 2382 670 2413 nisi
690 2381 779 2413 forte
801 2392 862 2423 per
958 2386 1018 2414 571
1044 2383 1218 2424 Sithonios]
1254 2383 1435 2423 Thraci0s3
1472 2394 1613 2426 quorum

162 2438 373 2467 contemtum
400 2432 448 2464 ita
477 2432 682 2473 appellatam
709 2432 861 2464 credide-
917 2444 995 2476 pars
1010 2433 1149 2466 fuerunt
1161 2435 1318 2466 Sithonii.

166 2485 235 2516 ris:
263 2487 342 2515 utut
364 2484 420 2522 sit,
444 2483 518 2523 ejus
538 2483 744 2522 sepulcrum,
772 2482 862 2523 quod
958 2487 1018 2516 5⁷4
1044 2485 1132 2525 Ipsa]
1165 2485 1359 2527 Utcumque
1386 2485 1537 2526 Trojauis
1568 2486 1615 2517 iu-

165 2536 202 2568 in
216 2533 425 2567 Chersoneso
445 2532 599 2565 Thracia
616 2532 720 2573 juxta
741 2533 863 2565 Seston
917 2533 1118 2568 sensissima.
