1831 3023
212 169 326 212 1434
697 180 736 209 P.
768 178 926 209 ovmu
960 176 1172 208 NASONJS

213 275 328 326 Nec,
349 278 455 328 quot
474 274 717 316 confundas
739 278 785 314 et
798 274 899 327 jura
919 276 962 312 et
979 273 1171 322 nomina,
1193 271 1361 312 sentis?

211 343 336 384 Tune
357 344 440 384 eris
462 347 505 384 et
525 343 675 383 matris
695 341 862 394 pelleX,
887 344 930 380 et
946 339 1142 380 adultera
1162 339 1300 393 patris
1313 339 1332 378 ’ἲ

211 410 337 451 Tune
357 424 479 451 soror
497 410 606 457 nati,
629 407 899 461 genitrixque
922 408 1135 448 vocabere
1161 406 1336 447 fratris?

213 477 310 518 Nec
330 482 497 518 metues
520 479 614 515 atro
633 474 813 514 crinitas
835 487 976 527 angue
997 475 1194 524 Sorores,

214 543 353 593 Quas,
373 543 545 582 facibus
565 541 700 582 saevis
721 541 875 581 oculos
895 545 1024 594 atque
1045 555 1122 583 ora
1141 544 1351 596 petentes,

214 610 369 651 Noxia
389 608 523 649 corda
541 609 724 649 vident?
785 607 848 648 At
867 612 928 658 tu,
951 609 1051 650 dum
1073 622 1251 663 corpore
1272 621 1359 649 non
1380 619 1429 647 es

214 676 372 725 Passa,
396 675 522 717 nefas
541 676 686 717 animo
705 688 758 715 ne
779 676 987 729 concipe:
1017 690 1124 718 neve
1144 676 1334 730 potentis

212 743 460 786 Concubitu
481 744 618 785 vetito
640 742 827 784 Naturae
849 744 995 796 pollue
1013 744 1174 785 foedus.

212 811 340 853 Velle
361 815 494 865 puta:
525 823 598 851 res
619 811 721 863 ipsa
740 812 874 851 vetat.
937 810 1047 850 Pius
1067 811 1157 859 ille,
1176 822 1425 863 memorque

211 879 241 920 J
244 880 334 920 uris
352 893 361 920 ε
392 883 433 919 et
451 892 476 919 ο
497 878 649 919 vellem
670 878 825 918 similis
845 877 967 919 furor
987 882 1107 917 esset
1126 877 1171 916 in
1201 877 1303 917 illo!

213 947 423 988 Dixerat:
457 950 501 988 at
522 945 721 1000 Cinyras,
744 959 874 999 quem
896 945 1026 999 copia
1046 945 1178 998 digna
1196 956 1443 998 procorum,

214 1014 337 1066 Quid
354 1014 504 1064 faciat,
528 1014 726 1055 dubitare
746 1013 868 1063 facit,
892 1014 1073 1054 scitatur
1094 1013 1150 1052 ab
1171 1012 1287 1064 ipsa,

213 1081 479 1125 Nominibus
500 1082 652 1132 dictis,
674 1081 801 1135 cujus
824 1082 927 1123 velit
946 1094 1042 1121 esse
1060 1079 1220 1120 mariti.

1580 537 1666 579 350

212 1229 308 1260 sentis
319 1232 391 1269 quot
404 1228 564 1268 perturbes
573 1227 651 1267 jura
664 1231 694 1260 et
709 1226 858 1261 nomina?
905 1229 991 1260 Tune
1019 1229 1081 1260 eris
1109 1231 1138 1259 et
1162 1228 1265 1268 pellex
1289 1226 1465 1266 genitricis,
1485 1228 1517 1256 et
1530 1224 1670 1257 adultera

208 1271 334 1312 patris?
381 1273 466 1302 Tune
480 1282 565 1302 soror
579 1272 661 1313 filii,
675 1275 766 1312 atque
782 1271 894 1303 (lic-eris
904 1269 1153 1307 materfratris?
1201 1271 1304 1311 Neque
1315 1268 1532 1305 reformidabis
1543 1268 1671 1300 Sorores

211 1318 347 1345 comatas
360 1315 463 1353 nigris
475 1314 676 1353 serpentibus,
692 1325 766 1354 quas
774 1318 899 1354 pectora
912 1315 1032 1345 conscia
1047 1314 1152 1345 vident
1166 1315 1318 1344 irruentes
1331 1312 1365 1342 in
1380 1311 1481 1342 oculos
1501 1314 1593 1351 atque
1607 1311 1673 1351 vul-

212 1361 264 1387 tus
275 1357 364 1388 toedis
371 1355 549 1394 feralibus?
591 1356 638 1386 At
653 1360 688 1387 tu
714 1358 786 1387 dum
813 1367 872 1387 non
892 1357 1046 1388 admisisti
1069 1358 1165 1387 scelus
1184 1365 1320 1396 corpore,
1346 1365 1383 1385 ne
1397 1353 1528 1384 admitte
1540 1354 1643 1384 animo
1659 1363 1673 1390 ,-

212 1399 380 1436 nevesoeda
389 1398 464 1436 jura
485 1399 616 1428 Natnrae
629 1398 754 1428 invicta>
769 1399 851 1429 coitu
866 1399 1032 1438 prohibito.
1078 1399 1166 1429 Pone
1198 1405 1230 1429 te
1257 1407 1385 1437 cupere:
1403 1406 1452 1426 res
1475 1396 1543 1435 ipsa
1564 1395 1670 1435 prohi-

213 1441 274 1472 het.
320 1442 377 1471 lue
398 1444 532 1480 sanctus,
547 1444 576 1471 et
591 1441 839 1471 servantissimus
854 1442 955 1481 aequz':
980 1445 1009 1472 et
1025 1452 1041 1471 o
1057 1451 1196 1481 cuperem
1218 1450 1278 1480 par
1301 1442 1378 1470 esset
1393 1439 1516 1469 vesania
1537 1438 1571 1468 in
1590 1437 1669 1468 illo!

212 1484 393 1514 Absolverat
406 1494 416 1514 .·
439 1488 472 1514 at
486 1484 631 1523 Cinyras,
646 1493 732 1522 quem
749 1493 877 1521 magnus
898 1494 1040 1514 numerus
1058 1493 1218 1524 procorum
1232 1483 1316 1521 cogit
1331 1482 1484 1520 ambigere
1497 1480 1571 1520 quid
1583 1483 1671 1519 agat,

212 1526 350 1567 exquirit
365 1526 403 1557 ab
419 1527 497 1566 ipsa,
521 1526 654 1567 prolatis
671 1525 852 1563 nominibus,
876 1527 962 1565 cujus
982 1526 1043 1556 viri
1058 1529 1142 1566 optet
1158 1535 1231 1557 esse.
1277 1525 1340 1556 Illa
1350 1524 1452 1564 primo
1468 1526 1562 1562 tacet,
1578 1526 1671 1563 atque

824 1619 1060 1631 eeeeeeeeeeee

211 1683 459 1720 peccare—346
484 1680 551 1711 Nec
566 1683 639 1720 quot
657 1682 711 1711 est
726 1689 768 1709 ex
785 1679 919 1710 emend.
938 1679 1113 1710 Constant.
1135 1679 1278 1710 Fanens.
1294 1679 1382 1717 vulg.
1400 1679 1445 1709 Et
1458 1679 1561 1718 φακὴ
1585 1687 1670 1709 unus

214 1722 308 1754 Med.
324 1726 390 1761 aut,
415 1722 510 1754 Leid.
527 1733 601 1753 uum
616 1724 706 1763 quod.
730 1722 874 1753 Botliius
891 1722 1037 1762 putabat
1064 1723 1234 1754 Nasonem
1252 1721 1442 1762 reliquisse,
1466 1721 1587 1761 Ecquid
1601 1731 1671 1752 con-

206 1765 347 1802 fundens
363 1769 392 1797 et
411 1765 489 1804 jura
512 1768 540 1796 et
558 1766 700 1796 adultera
715 1766 811 1796 sentis
822 1763 942 1797 ?—-347
967 1765 1062 1796 Unus
1086 1765 1180 1795 Med.
1197 1764 1293 1796 matri
1317 1764 1389 1803 pell.
1406 1769 1442 1795 et
1458 1768 1540 1794 tunc
1556 1764 1671 1803 legen-

214 1808 293 1839 dum
317 1813 408 1839 esset
439 1810 539 1840 adult.
561 1809 675 1848 patri;
695 1812 730 1838 et
756 1817 803 1839 νε.
819 1817 889 1848 seq.
905 1811 988 1847 nato,
1005 1807 1271 1846 etfratrz’.-—348
1297 1807 1448 1838 Berolin.
1467 1806 1669 1838 Tuom—349

213 1851 255 1882 In
271 1851 472 1891 quibusdam
501 1852 566 1882 Nec
581 1854 718 1882 metuens
733 1861 818 1881 sacro
844 1850 923 1881 crin.
947 1851 1061 1882 Bnrm.
1079 1851 1210 1892 legeret
1225 1849 1338 1890 potius
1352 1852 1479 1881 ”metuas
1495 1859 1571 1880 cum
1585 1849 1670 1882 Jun.

214 1898 251 1925 et
265 1893 397 1934 Sprotii
428 1893 621 1926 Cod.—350
659 1894 738 1926 Jnn.
772 1894 871 1929 Quam
891 1903 952 1934 pro
977 1903 1065 1934 quas,
1090 1900 1127 1924 ut
1142 1894 1186 1923 sit
1201 1893 1417 1932 exclamatio,
1440 1901 1541 1933 quam
1557 1892 1674 1922 saevis:

213 1937 347 1967 Thuan.
367 1938 565 1973 Qum—352
588 1937 688 1976 Vulg.
714 1946 787 1967 nere
807 1936 968 1976 parentis.-
992 1937 1108 1968 Burm.
1125 1940 1241 1966 censet
1264 1935 1342 1966 huic
1367 1935 1441 1965 loco
1466 1934 1670 1966 conveniens

215 1979 322 2018 magis
351 1990 426 2010 esse
453 1981 591 2019 patentis
614 1979 850 2019 legere—354
874 1980 953 2009 Bas.
975 1984 1008 2009 et
1026 1979 1105 2010 Jun.
1136 1979 1193 2018 ips.
1220 1981 1325 2017 negat.
1351 1977 1501 2007 Beroliu.
1522 1976 1593 2016 pins
1606 1977 1670 2016 ipse

215 2030 387 2060 memorque
402 2025 459 2052 est.
484 2021 628 2052 Plurimi
645 2021 748 2051 ctiam
765 2021 820 2051 alii
832 2031 976 2060 memor-q.
992 2024 1154 2051 est.—355
1181 2019 1342 2051 Nonnulli
1361 2020 1462 2049 Moris
1489 2028 1552 2058 pro
1570 2018 1669 2056 juris.

215 2062 329 2092 Berol.
346 2064 436 2094 Illore
461 2074 514 2094 suo
535 2064 603 2094 vell.
627 2063 717 2103 quod
733 2063 875 2093 Bothius
893 2068 992 2102 putat
1007 2073 1068 2102 pro
1096 2063 1218 2093 Moris.-
1240 2063 1268 2092 z'o
1283 2062 1352 2092 vell.
1376 2062 1458 2093 Jnn.
1485 2064 1516 2092 et
1531 2061 1586 2092 hoc
1601 2061 1670 2092 vell.

217 2104 338 2136 Heius.
360 2106 480 2136 maluit
501 2109 531 2136 et
545 2109 580 2136 ut
595 2106 663 2136 cell.
681 2109 739 2136 aut
754 2108 788 2135 ut
804 2115 821 2135 ο
850 2106 1026 2136 welk—356
1051 2106 1095 2136 O.
1109 2109 1143 2136 et
1172 2114 1256 2135 unus
1274 2104 1394 2135 Heius.
1412 2114 1478 2144 cop.
1501 2113 1670 2143 magna.—

874 2205 905 2235 N
911 2205 1013 2236 OTAE

259 2282 323 2311 346
348 2279 545 2320 confundas]
559 2280 678 2320 Scipsa
693 2289 773 2310 vero
789 2280 916 2320 optime

217 2340 278 2372 per
293 2331 357 2362 hoc
378 2331 579 2361 vocabulum
605 2331 772 2371 increpat.
804 2331 917 2361 Enim-

218 2390 299 2412 vero
328 2390 389 2420 per
427 2380 681 2411 distinctionem
722 2381 844 2421 cuique
870 2380 917 2410 rei

217 2440 276 2462 sua
305 2435 427 2461 natura
458 2435 611 2469 constat3
656 2430 788 2470 singula
814 2430 916 2461 etiam

217 2481 310 2512 Deus
327 2490 387 2521 per
400 2480 649 2511 distinctionem
663 2481 811 2511 creavit:
828 2479 916 2520 quod

218 2532 362 2564 maxime
386 2532 508 2571 ignaris
530 2538 564 2562 et
588 2532 694 2562 brutis
718 2532 917 2572 hominibus,

219 2582 408 2623 cujusmodi
446 2587 536 2613 terra
571 2583 672 2613 hodie
699 2588 751 2613 cst
784 2582 917 2623 obruta,

219 2631 409 2674 praesertim
426 2631 518 2663 foret
536 2632 788 2663 inculcandum.

263 2685 325 2714 349
341 2682 482 2724 Sorores]
497 2682 637 2720 Furias;
655 2681 697 2713 de
714 2682 834 2723 quibus
850 2691 915 2713 non

219 2732 324 2763 multo
351 2738 451 2772 ante3
475 2742 558 2775 quas
584 2733 750 2766 scelerum
775 2733 915 2765 ultrices

970 2290 1050 2311 vere
1080 2291 1122 2311 ex
1147 2281 1313 2312 Cicerone
1342 2291 1539 2321 cognosces.
1575 2282 1584 2299 ‘
1599 2281 1670 2313 No-

971 2330 1053 2371 lites
1069 2332 1175 2373 inquit
1192 2333 1261 2372 ille,
1273 2342 1335 2373 pro
1350 2331 1475 2363 Roscio
1496 2331 1669 2371 Amerino,

968 2383 977 2398 ‘
996 2387 1129 2422 putare,
1160 2383 1441 2424 quemadmodum
1478 2382 1512 2413 in
1542 2382 1669 2413 fabulis

970 2432 1105 2471 videtis,
1123 2442 1192 2472 eos,
1213 2432 1271 2473 qui
1294 2431 1421 2473 aliquid
1438 2432 1541 2472 impie
1564 2433 1666 2463 scele-

970 2487 1111 2522 rateque
1137 2483 1380 2520 commiserint,
1407 2482 1526 2523 agitari
1544 2487 1579 2513 et
1595 2492 1671 2522 per-

970 2533 1091 2564 terreri
1127 2533 1301 2564 Furiarum
1331 2532 1431 2563 taedis
1462 2531 1671 2565 ardentibus.

970 2583 1038 2612 Sua
1070 2592 1233 2623 quemque
1261 2581 1365 2621 fraus,
1395 2586 1430 2612 et
1458 2592 1535 2612 suus
1557 2586 1671 2613 terror

970 2633 1115 2663 maxime
1133 2638 1259 2664 vexat:
1283 2642 1379 2664 suum
1402 2641 1569 2673 quemque
1595 2641 1670 2663 sce-

970 2682 1020 2713 lus
1037 2683 1157 2723 agitat,
1170 2682 1384 2723 amentiaque
1400 2681 1531 2721 afficit,’
1548 2684 1613 2714 &c-

1014 2734 1076 2762 354
1108 2731 1209 2771 Velle]
1232 2733 1277 2763 Te
1293 2732 1428 2772 supple,
1443 2741 1510 2764 non
1525 2734 1668 2773 patrem.
