1831 3023
199 179 314 221 1360

685 192 728 221 P.
762 190 919 221 ovmll
954 191 1112 222 NASON
1122 191 1164 222 ls

200 284 316 336 Ergo
336 297 415 338 ego
435 283 670 325 foedantem
690 284 913 338 peregrino
935 285 1099 339 templa
1117 297 1268 326 cruore

199 351 378 392 Busirin
399 351 573 392 domui?
607 365 818 404 saevoque
840 352 1047 393 alimenta
1065 353 1259 406 parentis

198 417 357 459 Antaeo
377 419 549 472 eripui?
580 431 660 459 nec
679 431 749 458 me
770 418 957 470 pastoris
977 418 1092 459 Iberi

200 484 361 525 Forma
382 487 539 538 triplex
556 498 566 534 ;
587 497 668 524 nec
688 483 825 524 forma
843 484 1006 537 triplex
1027 489 1114 536 tua,
1134 487 1339 536 Cerbere,
1363 486 1533 529 movit?
1564 487 1648 529 185

196 550 365 600 Vosne,
386 563 557 599 manus,
581 549 719 591 validi
737 550 962 603 pressistis
985 564 1148 594 cornua
1169 555 1279 595 tauri
1295 555 1314 593 Ἰ

198 617 404 659 Vestrum
427 629 540 669 opus
560 615 654 658 Elis
672 616 819 668 habet,
841 622 1032 659 vestrum
1056 619 1378 675 Stymphalides
1399 620 1542 672 undae,

193 747 296 786 igitur
309 748 449 787 superari
466 747 597 779 Busirin
609 750 793 789 polluentem
808 753 922 792 templa
937 752 1085 791 sanguine
1104 753 1253 793 hospitum
1266 749 1280 783 ἶ)
1304 755 1396 792 atque
1409 751 1521 782 sustuli
1533 751 1651 783 crudeli

194 790 308 820 Antoeo
322 790 473 820 auxilium
489 792 599 822 matris
610 790 626 823 ’.ἲ
646 802 742 832 neque
757 793 997 834 tripleffi‘c‘orpus
1016 796 1150 834 pastoris
1172 795 1268 834 Iberi,
1282 804 1375 834 neque
1387 795 1498 836 figura
1513 797 1568 826 tua
1590 794 1649 824 tm·-

185 832 302 868 sormis
319 842 364 862 me
385 833 530 872 perculit,
555 833 710 865 Cer-bere?
760 836 869 873 Vosne,
898 846 1016 875 titanus,
1033 838 1157 875 ligastis
1173 846 1286 868 cornua
1297 836 1397 874 sortis
1421 835 1533 868 tauri?
1579 836 1650 866 Elis

187 874 312 911 fruitur
337 878 436 905 cestro
453 873 555 917 sueto,
576 887 662 917 uquae
685 877 916 917 Stymphalides
942 879 1077 918 insuper,
1099 882 1128 909 et
1150 881 1235 919 sylva
1251 878 1450 911 Parthenia?
1494 878 1648 910 Baltheus

805 960 1037 972 eeeeeoaeeoe‘e

196 1015 257 1042 180
280 1012 375 1043 Idem
399 1016 680 1053 notamque.—-182
704 1015 774 1046 Pro
799 1016 912 1054 templa
939 1013 1100 1045 Heidelb.
1119 1018 1154 1045 et
1182 1014 1330 1045 nemun.
1354 1017 1446 1045 tecta.
1468 1014 1510 1046 V.
1527 1017 1563 1045 et
1587 1023 1648 1044 sex

193 1055 380 1094 aliiperegr.
400 1056 548 1094 sang-uine
569 1058 799 1096 templa—183
822 1058 969 1088 Berolin.
990 1057 1142 1087 Busirim.
1159 1056 1258 1087 Tunc
1282 1056 1412 1087 Genev.
1431 1065 1595 1095 ³020oeun
1612 1063 1650 1086 et

192 1106 275 1126 unus
285 1097 371 1128 Mor.
381 1099 625 1137 pureum—184
642 1100 773 1130 Bonon.
786 1100 898 1130 Anloeo
914 1100 1119 1139 γαμῇ-187
1134 1099 1229 1128 Unus
1242 1098 1395 1128 Vossian.
1414 1098 1546 1128 Eli-sest.
1557 1097 1649 1127 Hinc

195 1139 313 1170 Heins.
329 1140 545 1171 scribendum
559 1146 690 1182 censet,
719 1142 861 1173 Vestrum
878 1145 923 1172 est
936 1142 1007 1172 Elis
1019 1138 1117 1181 opus?
1142 1141 1208 1180 vel,
1228 1140 1368 1170 Vestrum
1381 1149 1455 1179 opus
1473 1139 1542 1170 Elis
1558 1137 1650 1171 erut?

847 1248 987 1280 NOTAE

234 1333 295 1360 182
311 1330 410 1370 Ergo]
425 1331 697 1372 Indignationem
710 1333 888 1364 maximam

190 1379 293 1410 habet
306 1381 377 1411 liaec
393 1382 523 1412 vocula.

238 1432 295 1462 183
313 1431 462 1470 Busirin]
485 1431 625 1472 AEgypti
642 1442 701 1463 rex
714 1432 778 1464 fuit
793 1433 890 1464 Busi-

191 1479 248 1519 ris,
272 1480 425 1520 Neptuni
448 1489 490 1510 ex
513 1481 620 1521 Libya
642 1481 739 1521 filius,
770 1483 826 1523 qui
847 1482 889 1513 ad

191 1529 444 1569 provocandam
510 1530 582 1561 Nili
636 1531 890 1563 inundationem

188 1579 342 1619 hospites
358 1579 424 1610 aris
449 1580 672 1618 admovebat3
699 1582 761 1612 hac
776 1591 841 1612 una
857 1582 891 1612 in

189 1630 415 1671 partejustus,
433 1631 519 1671 quod
535 1632 705 1662 Thrasium
723 1632 890 1672 quendam

189 1685 256 1710 tam
268 1680 390 1711 atrocis
402 1680 559 1711 facinoris
567 1679 736 1712 aucto-rem
746 1682 890 1721 primum

189 1730 387 1761 immolavit.
415 1730 516 1761 Illum
526 1735 638 1761 autem
656 1741 758 1772 super
770 1731 889 1762 iisdem

189 1780 266 1819 aris,
282 1779 401 1820 quibus
420 1781 581 1811 scelestus
597 1781 729 1813 solebat
741 1782 889 1822 peregri-

188 1840 260 1868 ῃοε,
273 1830 437 1861 Hercules
449 1831 632 1871 jugulavit.

231 1882 293 1911 184
326 1879 455 1919 Antaeo]
499 1880 600 1911 Hunc
637 1880 754 1911 volunt
788 1879 888 1912 fuisse

186 1929 357 1969 gigantem
386 1930 419 1960 in
451 1929 574 1970 Libya,
598 1930 654 1971 qui
691 1931 889 1971 peregrinos

188 1979 356 2018 quoslibet
373 1980 415 2010 ad
432 1981 557 2011 luctam
581 1985 794 2020 provocatoS,
810 1980 887 2011 dein

188 2028 308 2067 victos,
321 2029 561 2061 interficiebat.
587 2030 671 2060 Cum
683 2034 785 2061 terrae
798 2035 889 2061 esset

189 2077 289 2118 filius,
326 2080 415 2110 vires
446 2080 487 2110 ab
522 2080 579 2111 illa
609 2081 886 2121 quotiescumque

186 2134 398 2159 sterneretur
424 2129 637 2169 accipiebat;
668 2130 886 2172 quamobrem

187 2180 298 2220 gravis
321 2189 454 2220 quoque
472 2180 614 2211 Herculi
639 2180 703 2211 suit
726 2190 800 2210 cum
828 2180 885 2210 illo

187 2239 310 2269 pugna.
356 2229 444 2260 Dolo
460 2234 575 2260 tamen
599 2229 747 2269 cognito,
762 2239 779 2259 e
795 2234 886 2260 terra

186 2279 354 2310 sublatum
388 2278 535 2309 invictus
566 2278 664 2309 heros
698 2278 885 2309 suffocavit.

184 2330 324 2360 Sensum
342 2328 433 2370 qnod
460 2329 584 2359 attinet
608 2327 744 2366 fabulae,
763 2328 819 2358 alii
843 2328 884 2358 ad

184 2379 381 2411 historicum
391 2378 555 2417 referunt,
566 2378 621 2419 qui
629 2378 705 2409 ideo
714 2388 733 2409 a
744 2384 884 2418 parente

186 2430 343 2461 Antaeum
360 2429 447 2460 vires
459 2429 576 2460 dicunt
593 2429 776 2468 accepisse,
791 2429 879 2470 quod

183 2481 335 2510 locorum
353 2479 487 2520 peritia,
503 2485 537 2510 et
557 2484 760 2510 commeatus
779 2480 881 2510 abun-

184 2529 312 2569 dantia,
337 2531 399 2560 ἃς.
434 2528 571 2566 fretum,
593 2539 659 2560 non
691 2530 754 2560 nisi
785 2535 882 2561 extra

183 2580 327 2620 patriam
351 2579 518 2610 Hercules
542 2581 691 2620 potuerit
709 2590 880 2620 superare.

184 2630 252 2661 Alii
286 2629 458 2661 remotiori
485 2630 633 2670 quidem,
664 2629 723 2661 sed
752 2630 880 2661 utiliori

182 2689 292 2719 sensu,
306 2679 348 2711 ad
361 2689 472 2711 mores
487 2681 674 2712 retrahunt.
720 2681 790 2712 Per
811 2681 881 2712 An-

185 2735 285 2761 taeum
303 2730 404 2762 animi
424 2729 566 2763 affectus
592 2740 635 2762 ex
657 2731 808 2763 sensibus
832 2731 880 2762 in-

945 1332 1140 1364 desinenter
1150 1331 1341 1363 exorientes
1349 1331 1555 1371 intelligunt;
1565 1339 1647 1371 quos

944 1383 1148 1423 quicumque
1180 1383 1298 1422 cupiat
1339 1382 1470 1422 tollere,
1507 1390 1648 1412 necesse

944 1431 1067 1463 habeat
1083 1432 1173 1462 illum
1191 1441 1209 1461 a
1222 1431 1365 1462 terrenis
1382 1430 1591 1469 abstrahere,
1604 1429 1645 1460 ad

945 1481 1098 1512 coelestia
1112 1481 1288 1512 extollere.

989 1531 1147 1571 Pastoris]
1178 1531 1374 1572 Geryonem
1393 1530 1478 1562 dicit
1494 1530 1570 1561 ideo
1588 1530 1647 1562 tri·

946 1591 1123 1622 corporem
1140 1592 1158 1612 a
1172 1582 1291 1612 Poetis
1316 1581 1460 1619 dictum,
1475 1581 1564 1622 quod
1580 1581 1647 1612 tria

944 1633 977 1662 in
1009 1632 1124 1663 Iberia
1149 1637 1206 1662 aut
1242 1631 1411 1672 Hispania
1443 1640 1560 1672 regna,
1586 1641 1647 1662 seu

945 1681 1178 1721 adjacentibus
1216 1681 1344 1719 insulis,
1390 1689 1466 1711 cum
1515 1680 1646 1712 duobus

943 1729 1104 1762 fratribus
1136 1730 1400 1761 concordissime
1434 1729 1647 1762 administra-

943 1785 1008 1812 ret.

988 1833 1048 1861 185
1077 1830 1223 1870 cerbere]
1240 1830 1307 1864 Qui
1321 1831 1413 1862 canis
1424 1830 1491 1863 fuit
1505 1831 1647 1872 triceps,

942 1882 1109 1913 nonnullis
1124 1882 1311 1922 centiceps,
1323 1881 1508 1913 inferorum
1521 1886 1648 1922 custos,

942 1931 1122 1972 Eurysthei
1125 1931 1225 1971 jussu
1237 1931 1280 1962 ad
1290 1941 1429 1972 superos
1438 1935 1645 1972 pertractus.

943 1981 1014 2011 Per
1027 1981 1122 2011 illum
1139 1985 1252 2011 autem
1269 1981 1324 2011 alii
1337 1985 1531 2021 serpentem
1547 1980 1644 2011 intel-

941 2031 1050 2071 ligunt
1071 2031 1105 2061 in
1117 2031 1262 2062 Taenaro
1279 2031 1434 2061 Laconiae
1452 2034 1646 2070 promonto-

941 2081 1002 2120 rio,
1018 2089 1079 2120 per
1094 2080 1183 2120 quod
1202 2079 1244 2110 ad
1269 2078 1402 2111 Inferos
1424 2079 1552 2110 aditum
1568 2089 1642 2111 esse

940 2129 1083 2160 fabulati
1105 2134 1196 2168 sunt,
1221 2129 1424 2160 latitantem.
1468 2128 1538 2160 Alii
1562 2138 1642 2160 vero

941 2179 1076 2218 Gulam,
1088 2179 1284 2217 Luxuriam,
1295 2177 1498 2218 Avaritiam,
1507 2182 1543 2210 et
1556 2178 1641 2217 ejus·

939 2230 1029 2260 modi
1048 2229 1128 2260 vitia
1150 2230 1184 2260 in
1209 2230 1341 2260 diversa
1367 2229 1480 2270 capita
1503 2239 1642 2270 proger-

940 2279 1115 2319 minantia,
1131 2284 1316 2319 exponunt.

984 2332 1045 2360 186
1066 2329 1173 2369 Tauri]
1198 2328 1412 2368 Ignivomum
1437 2328 1530 2359 illum
1555 2327 1641 2360 dicit

939 2379 1090 2419 Neptuni
1107 2379 1156 2409 ira
1173 2378 1333 2409 adversus
1350 2378 1500 2409 Minoem
1516 2378 1640 2409 immis-

938 2439 1021 2468 sum,
1035 2438 1131 2470 quem
1149 2427 1190 2459 ad
1212 2437 1248 2458 se
1269 2428 1439 2459 adducere
1453 2428 1639 2461 Herculem

932 2479 1033 2518 jussit
1050 2480 1269 2519 Eurystheus.

982 2531 1040 2560 187
1071 2527 1229 2567 Vestrum]
1262 2527 1390 2569 Augeae
1411 2536 1534 2568 nempe
1551 2529 1639 2569 regis

937 2579 1056 2617 Elidis,
1081 2579 1114 2609 in
1138 2578 1385 2618 Peloponneso,
1403 2578 1586 2618 stabulum,
1602 2578 1638 2609 in

936 2641 1001 2672 quo
1029 2632 1092 2662 tria
1117 2632 1216 2662 boum
1244 2631 1348 2662 millia
1373 2640 1436 2671 per
1460 2640 1564 2662 annos
1577 2631 1637 2662 tri-

935 2682 1042 2722 ginta,
1068 2691 1238 2723 nunquam
1265 2686 1382 2721 egesto
1405 2680 1498 2719 fimo,
1523 2680 1636 2712 stabu-

934 2733 1006 2764 lata
1018 2731 1166 2773 fuerant‚
1178 2741 1244 2763 uno
1257 2731 1325 2773 die,
1334 2731 1481 2764 immisso
1491 2730 1650 2773 Alpheo„
