1831 3023
481 229 512 257 M
523 221 954 257 nrAmonHosnoN
989 222 1086 252 mn.
1117 223 1205 253 vu.
1458 209 1572 252 1273

121 323 289 364 Poscor
306 326 350 364 et
369 322 464 376 ipse
483 330 626 360 meum
647 327 861 357 consensu
881 314 1068 368 Laelapa
1086 326 1262 366 magno.

121 389 319 431 Muneris
340 390 425 430 hoc
444 397 615 427 nomen.
673 382 942 424 ,Iamdudum
962 381 1136 422 vincula
1155 383 1324 433 pugnat

119 455 294 498 Exuere
313 457 410 509 ipse
431 453 532 501 sibi,
560 451 766 504 colloque
787 449 1003 490 morantia
1023 447 1174 488 tendit.

119 522 214 564 Vix
234 524 340 564 bene
362 522 523 561 missus
545 523 653 568 erat,
675 531 757 559 nec
772 519 866 572 jam
886 521 1152 571 poteramuS,
1174 513 1249 554 ubi
1270 516 1401 563 esset,

120 589 259 631 Scire.
320 588 489 629 Pedum
511 586 680 627 calidus
699 587 885 637 vestigia
904 584 1049 638 pulvis
1070 581 1287 623 habebat:
1488 578 1575 619 775

121 655 230 709 Ipse
252 655 393 697 oculis
415 657 589 707 ereptus
609 656 716 694 erat.
779 651 883 692 Non
904 663 1039 705 ocyor
1060 649 1135 690 illo

121 721 286 771 Hasta,
308 734 386 761 nec
409 732 613 761 excussae
637 722 835 760 contorto
855 719 1032 758 verbere
1055 714 1248 768 glandes,

122 787 220 829 Nec
242 787 511 840 Gortyniaco
530 786 727 827 calamus
746 785 858 825 levis
881 785 975 825 exit
996 784 1052 824 ab
1075 795 1194 824 arcu.

123 854 263 895 Collis
285 866 403 908 apex
423 853 555 893 medii
577 853 790 907 subjectis
809 853 1007 893 imminet
1024 852 1164 892 arvis:

119 920 272 961 Tollor
288 934 358 971 eo,
382 921 601 975 capioque
621 920 725 961 novi
748 919 1000 973 spectacula
1019 930 1196 959 cursus:
1491 910 1576 954 '780

121 985 223 1038 Quo
239 988 372 1029 modo
393 987 623 1042 deprendi,
645 987 779 1028 modo
804 1001 851 1028 se
871 987 1115 1027 subducere
1138 985 1194 1024 ab
1219 981 1321 1036 ipso

118 1050 314 1097 Vulnere
334 1056 432 1097 visa
448 1055 540 1096 fera
559 1057 640 1096 est.
702 1054 802 1095 Nec
821 1055 956 1095 limite
974 1051 1136 1094 callida
1155 1054 1292 1099 recto,

121 1118 177 1161 In
196 1122 445 1175 spatiumve
460 1121 595 1174 fugit3
628 1121 707 1162 sed
727 1121 894 1174 decipit
914 1133 992 1161 ora
1012 1118 1262 1171 sequentis:

122 1184 180 1228 Et
199 1187 313 1228 redit
334 1189 377 1228 in
399 1200 565 1241 gyrum,
592 1200 645 1227 ne
664 1187 722 1228 sit
742 1200 847 1227 suus
870 1187 1058 1240 impetus
1077 1185 1209 1226 hosti.

122 1252 327 1294 Imminet
348 1254 435 1304 hic,
459 1254 741 1308 sequiturque
761 1267 933 1308 parem:
958 1253 1199 1304 similisque
1220 1249 1380 1292 tenenti
1494 1247 1580 1289 785

122 1373 216 1404 Meua
230 1373 352 1413 Laelaps
365 1375 483 1414 petitur
498 1385 517 1404 a
544 1384 590 1405 me
607 1374 745 1405 unanimi
768 1379 849 1406 roto.
896 1374 967 1404 Hoc
992 1378 1067 1404 erat
1094 1379 1200 1401 nomen
1225 1371 1313 1400 dono.
1357 1367 1487 1398 Jamdiu
1515 1366 1581 1406 ipse

119 1415 235 1445 nititur
267 1424 331 1446 sene
358 1416 506 1455 expedire
539 1415 626 1455 loris,
662 1419 754 1456 atque
782 1416 883 1448 tendit
915 1416 991 1447 collo
1014 1413 1222 1454 prohibentia.
1273 1411 1338 1441 Vix
1367 1409 1439 1440 bene
1466 1409 1582 1439 solutus

121 1460 199 1497 eme,
221 1467 316 1497 aeque
332 1457 401 1496 jam
428 1462 605 1497 poteramus
629 1467 716 1489 nosse
742 1459 796 1490 ubi
822 1462 910 1490 emt.
956 1457 1068 1488 Pulvis
1093 1456 1211 1486 calidus
1233 1453 1386 1484 retinebat
1409 1451 1583 1491 impressio·

121 1508 192 1530 nem
219 1501 350 1540 pedum.-
388 1500 453 1540 ipse
481 1504 550 1530 erat
578 1500 718 1531 sublatus
745 1501 783 1531 ab
811 1501 917 1532 oeulis.
960 1499 1106 1530 Jaculum
1140 1507 1199 1527 non
1217 1496 1329 1534 fertur
1361 1494 1492 1525 velocius
1517 1493 1583 1532 illo,

121 1551 217 1582 neque
240 1543 324 1581 globi
347 1543 450 1573 emim·
474 1542 541 1573 ictu
565 1545 716 1581 contorto,
740 1553 834 1584 neque
857 1544 933 1574 levis
956 1543 1073 1573 arundo
1096 1540 1134 1570 ab
1156 1549 1231 1570 arcu
1260 1538 1461 1578 Gortyniaco.
1509 1536 1584 1566 Cul-

121 1593 192 1615 men
213 1585 325 1615 montis
353 1585 448 1616 medii
474 1585 604 1616 tollitur
624 1595 717 1626 super
745 1596 868 1627 campos
892 1584 1063 1623 subjectos:
1099 1583 1171 1613 illuc
1198 1582 1340 1620 ascendo,
1362 1583 1453 1619 atque
1481 1581 1584 1618 specto

121 1635 214 1658 novos
242 1636 369 1658 cursus.-
406 1628 486 1658 unde
516 1626 591 1664 sera
624 1632 784 1668 conspecta
813 1632 859 1660 est
890 1629 1045 1659 interdum
1074 1625 1203 1665 corripi,
1237 1633 1315 1654 nunc
1343 1632 1374 1653 se
1402 1620 1583 1652 subtrahere

124 1667 163 1699 ab
190 1669 255 1709 ipso
277 1670 411 1700 vulnere.
459 1669 568 1709 Neque
590 1669 680 1707 vafra
695 1669 786 1710 sug-it
810 1674 894 1702 recto
918 1670 993 1701 calle
1015 1672 1044 1700 et
1070 1669 1103 1699 in
1124 1676 1274 1706 campum,
1294 1666 1346 1696 sed
1370 1663 1464 1695 eludit
1486 1663 1584 1693 rictus

123 1711 332 1751 imequentis:
356 1715 387 1742 et
410 1712 544 1742 recurrit
571 1712 604 1742 in
628 1712 787 1750 circulum,
816 1723 854 1744 ne
879 1713 977 1743 hostis
1000 1714 1108 1742 utatur
1131 1710 1197 1740 suis
1220 1708 1346 1738 tir-ibus.
1392 1706 1457 1737 Hic
1478 1708 1584 1743 urget,

125 1755 155 1783 et
169 1753 308 1793 sequitur
326 1754 485 1793 «equalem,
509 1757 599 1794 atque
614 1754 735 1796 similis·
749 1755 932 1795 corripienti
958 1763 1016 1784 non
1037 1752 1178 1792 corripit,
1204 1754 1296 1790 atque
1310 1749 1447 1779 intentat
1468 1755 1586 1778 morsus

127 1892 158 1920 et
173 1893 283 1921 coetum
297 1899 356 1920 non
368 1890 502 1928 segnior.
548 1889 587 1921 In
604 1899 670 1921 nno
699 1889 819 1922 Heius.
847 1893 877 1920 ct
902 1890 1018 1921 volucri
1042 1899 1102 1919 non
1127 1888 1270 1928 sequium,-
1293 1890 1328 1918 et
1343 1886 1390 1917 sic
1407 1895 1458 1926 pr.
1477 1885 1586 1917 Gron-

132 1937 166 1962 ει
183 1932 267 1962 Sixii
284 1942 345 1973 pro
374 1942 445 1963 var.
464 1933 544 1963 lect.
557 1932 646 1963 unde
664 1932 783 1963 Heius.
806 1936 835 1963 et
852 1933 966 1962 volucri
981 1942 1039 1962 non
1052 1931 1160 1962 secius.
1186 1931 1302 1960 Burm.
1320 1929 1448 1959 retinet
1462 1928 1586 1967 segnius

132 1975 336 2005 auctoritate
363 1974 503 2005 duorum
535 1974 750 2006 eodm-773
776 1975 870 2005 Unus
896 1975 975 2006 Bas.
998 1974 1090 2005 Med.
1118 1977 1154 2004 et
1175 1973 1254 2003 Lov.
1296 1972 1454 2001 Excutere
1482 1970 1586 2010 ips.—

126 2018 188 2047 775
215 2016 333 2048 Heius.
360 2017 450 2057 conj.
475 2018 557 2056 pule.
583 2016 807 2047 obibam—776
832 2016 945 2047 Heius.
961 2026 1053 2056 ocyus
1077 2016 1264 2045 hasa—77⁷
1291 2013 1439 2043 Excussae
1465 2011 1587 2043 Heius.

129 2057 225 2089 dedit
242 2068 284 2089 ex
302 2059 374 2089 Pal.
392 2069 443 2098 pr.
460 2059 500 2089 V.
529 2059 627 2089 Cant.
652 2058 794 2098 aliisque
822 2059 996 2097 plnrimis3
1021 2057 1112 2097 vulg.
1128 2059 1253 2091 exutae5
1275 2055 1362 2086 alter
1379 2053 1511 2085 Erfurt.
1534 2062 1588 2083 ex-

124 2100 234 2140 puluoe.
256 2101 405 2131 Berolin.
429 2101 533 2132 habet
561 2110 629 2131 cum
652 2103 856 2131 toran—779
882 2100 983 2130 Medii
1006 2099 1128 2130 Heius.
1157 2097 1289 2138 recepit
1315 2106 1357 2127 ex
1385 2100 1469 2127 vett.
1495 2095 1588 2135 vulg.

127 2142 265 2174 medius.-
289 2143 346 2174 alii
363 2144 474 2181 medio,
491 2142 542 2174 vel
556 2142 676 2173 mediis.
701 2142 851 2173 Berolin.
867 2142 1082 2181 mbjectisqua
1111 2140 1257 2173 Quidam
1280 2139 1412 2170 sublatis
1435 2147 1495 2178 pro
1517 2137 1588 2168 sub-

120 2184 332 2222 jecta—780
357 2185 425 2216 Alii
446 2185 780 2217 T011.inhunc.—781
808 2185 908 2216 Cant.
924 2189 960 2216 et
986 2183 1116 2215 Arund.
1144 2183 1222 2218 Quoe
1246 2183 1324 2213 mod.
1351 2181 1473 2212 Heius.
1497 2180 1591 2219 Cum,

128 2227 181 2258 vel
201 2228 293 2265 Qua.-
321 2227 387 2260 duo
403 2227 483 2260 libri
508 2228 552 2259 Ει
568 2229 755 2260 ’πώ-783
778 2227 873 2259 Med.
899 2237 984 2260 unus
1011 2227 1051 2259 In
1077 2226 1247 2267 spatioque.
1291 2223 1361 2256 Alii
1385 2223 1588 2264 spatiumque.

794 2334 934 2366 NOTAE

172 2413 233 2443 7⁷1
250 2409 392 2451 Loelapa]
407 2410 474 2443 Qui
490 2409 584 2441 canis
598 2407 662 2441 fuit
677 2409 832 2450 Cephalo
886 2409 1055 2441 berrimae.

131 2472 151 2494 a
167 2461 287 2495 Procri
304 2461 415 2501 datus,
433 2460 475 2492 ab
496 2461 625 2501 impetu
650 2465 685 2492 et
709 2461 833 2492 veloci·
930 2463 990 2491 781
1018 2459 1102 2500 Quo]
1125 2459 1206 2498 Pro,
1230 2457 1346 2497 Unde,
1361 2465 1403 2488 ex
1421 2467 1488 2498 quo
1504 2457 1588 2488 loco.

134 2517 205 2544 ute
219 2512 266 2543 tic
282 2511 402 2543 dictus·
931 2514 993 2543 784
1020 2511 1069 2542 Ne
1083 2510 1125 2541 sit
1140 2509 1226 2549 suus]
1251 2508 1329 2540 Non
1344 2507 1433 2538 enim
1449 2511 1589 2547 possunt

175 2564 237 2593 777
267 2560 412 2600 Verbere]
437 2560 567 2591 Funda.
890 2565 963 2592 toto
977 2561 1106 2602 impetu
1121 2569 1260 2592 currere
1275 2568 1387 2598 canes,
1401 2568 1474 2589 cum
1490 2556 1590 2596 tergi-

177 2612 240 2642 778
266 2611 472 2651 Gortyniaco]
495 2609 673 2648 Cretensi;
699 2609 834 2652 Gortyn
890 2616 1083 2643 versantem
1106 2621 1235 2652 perque
1259 2609 1371 2640 varios
1393 2608 1491 2638 orbes
1515 2617 1588 2637 sene

136 2660 238 2700 enim·
257 2670 332 2702 ‘1¹¹²
359 2666 395 2692 et
419 2661 548 2700 G⁰fty³
565 2660 705 2700 dieitur»
721 2662 834 2694 Cretae
889 2662 1056 2693 morsibus
1073 2661 1329 2694 subtrahentem
1346 2658 1451 2689 feram
1476 2667 1589 2698 perse-

136 2710 254 2743 iunnlae
271 2709 352 2742 urbs
367 2715 434 2752 est,
448 2710 625 2751 sagittaria
649 2715 723 2744 arte
746 2712 836 2744 cele·
890 2717 1049 2755 quantur.
