1831 3023
216 258 329 302 1558

410 273 450 301 P.
473 269 631 302 OVIDII
664 270 876 301 NASONIS
911 269 1237 301 METAMORPH·
1269 270 1364 301 LIB.
1389 271 1481 301 ΧΠ.

218 368 261 408 A
284 381 330 408 se
347 367 604 408 Tantalides
626 379 735 407 onus
755 365 1049 418 invidiamque
1068 366 1253 406 removit
1270 378 1279 405 :

218 434 539 488 Argolicosque
559 434 693 473 duces
713 431 867 472 mediis
891 433 1120 473 considere
1143 431 1299 472 castris

220 501 249 542 J
254 502 386 542 ussit:
417 504 459 540 et
479 500 704 539 arbitrium
723 499 812 539 litis
832 499 1000 553 trajecit
1014 500 1059 539 in
1080 512 1243 540 omnes.

222 648 249 675 e!
267 644 390 678 odium;
412 645 504 681 atque
531 640 630 671 voluit
655 641 745 671 duces
772 639 900 670 Graecos
928 640 1030 669 sedere
1053 639 1086 670 in
1111 638 1219 670 mediis
1245 636 1364 674 castris,
1389 639 1418 667 et
1443 633 1616 666 transmisit
1640 632 1672 663 in

223 685 486 723 munesjudicium
502 683 579 714 litis.

829 762 944 773 ooooo

948 763 1061 774 eeeeee

225 834 278 862 vol
290 832 459 872 Laerteque
470 842 482 868 ;
502 829 653 862 nonnulli
663 828 911 866 La'e'rtiadaeque,
927 828 1154 867 Lertiadoeque,
1170 828 1507 868 Lartiadaeque.-6·27
1522 823 1673 855 Berolin.

226 877 306 906 med.
332 876 496 906 consistere
511 874 712 904 casm—628
736 870 843 901 Gron.
861 869 909 898 lit.
930 869 1057 906 conjecit
1073 870 1106 899 in
1118 879 1228 900 omnes.

876 974 1015 1006 NOTAE

271 1052 393 1092 Tantoe]
430 1053 480 1084 Ut
496 1050 639 1082 Achillis
656 1051 755 1081 armis
772 1049 924 1091 potiren-

227 1110 292 1136 tur.

270 1156 333 1184 626
358 1150 547 1190 Tantalides]
577 1149 809 1190 Agamemnon
826 1147 926 1180 Atrei

227 1204 328 1240 filim,
344 1212 363 1232 a
378 1211 506 1242 proavo
521 1200 661 1230 Tantalo
674 1199 813 1240 Pelopis
830 1202 926 1239 patre

230 1255 276 1283 sic
303 1252 433 1283 dictus:
458 1249 514 1292 qui
537 1249 799 1290 prudentissime
818 1249 927 1289 judex

228 1304 318 1332 inter
335 1305 448 1333 tantos
474 1299 676 1331 dissidentes
699 1299 787 1330 solus
811 1298 928 1329 sedere

230 1352 346 1383 noluit.

274 1404 334 1433 (527
359 1399 536 1440 Argolicos]
549 1401 617 1432 Pro
632 1400 762 1433 Graecis
775 1399 929 1432 omnibus

979 1050 1105 1091 posuit.
1150 1050 1213 1080 Est
1229 1053 1341 1080 autem
1354 1047 1493 1088 Argolis
1509 1047 1676 1087 Pelopon-

980 1101 1052 1131 nesi
1069 1100 1176 1140 regio,
1192 1100 1226 1131 in
1235 1110 1301 1141 qua
1312 1099 1543 1136 Agamemnon
1559 1105 1677 1136 regna-

981 1151 1042 1181 vit.

1024 1204 1086 1232 628
1113 1200 1240 1239 Omnes]
1263 1198 1420 1239 Trojanis
1442 1197 1585 1238 captivis
1601 1195 1677 1226 diri-

982 1250 1112 1281 mendae
1137 1250 1233 1290 hujus
1251 1249 1319 1279 litis
1336 1247 1544 1288 provinciam
1565 1246 1679 1276 datam

982 1300 1038 1330 alii
1070 1299 1287 1340 scripserunt.
1355 1298 1431 1331 Qua
1462 1307 1506 1327 ex
1543 1306 1578 1327 re
1612 1305 1676 1326 non

984 1358 1124 1389 parvum
1141 1348 1381 1379 documentum
1407 1346 1583 1378 desumere
1606 1354 1679 1385 pos-

983 1403 1060 1430 sunt
1077 1398 1138 1429 viri
1158 1397 1340 1439 principes.
