1831 3023
536 223 1009 256 MssrAmoRenosnon
1042 224 1140 256 1213.
1174 229 1238 259 ιν.
1503 221 1618 264 1095

163 320 372 376 Occupat
389 321 504 361 hunc
524 320 656 370 (vires
673 318 844 360 insania
860 317 1051 374 fecerat)
1070 319 1179 362 Ino:

163 389 310 443 Seque
329 400 461 441 super
479 392 682 441 pontum,
702 387 822 428 nullo
840 387 1011 429 tardata
1026 389 1194 438 timore,

163 456 314 505 Mittit,
336 467 535 509 onusque
556 467 700 496 suum.
762 455 986 497 Percussa
1004 455 1232 497 recanduit
1249 455 1383 498 unda.

388 654 506 695 ΕΑΒ.
535 653 676 701 XIV.
738 655 906 709 Spuma
923 655 1059 696 maris
1079 656 1124 696 in
1143 654 1374 697 Venerem.

157 773 304 806 Rufi-:nr
320 784 452 817 quoque
467 775 638 807 Venerem
655 775 793 817 petiisse
812 787 831 808 a
846 777 1012 818 Neptuno
1028 776 1071 808 de
1087 775 1152 808 Ino
1167 780 1203 808 et
1219 776 1415 816 Melicerte,
1433 781 1470 808 ut
1494 777 1528 807 in
1555 786 1616 807 nu-

191 837 323 859 merum
340 829 490 860 Deorum
507 828 644 862 referat.
688 829 866 871 Significat
881 831 971 863 enim
986 831 1104 862 Venus
1119 840 1154 862 se
1177 831 1211 862 iu
1235 830 1335 862 undis
1353 839 1428 862 esse
1445 835 1613 870 creatam,

197 890 265 922 quo
286 880 421 913 facilius
436 888 588 914 moveret
603 883 813 925 Neptunum.

156 980 250 1038 AT
272 997 426 1039 Venus
447 998 680 1040 immeritae
701 999 850 1052 neptis
869 999 1076 1040 miserata
1094 998 1282 1046 labores,
1533 997 1616 1039 530

155 1064 231 1106 Sic
251 1069 409 1118 patruo
429 1065 624 1106 blandita
644 1078 725 1106 suo
743 1069 831 1107 est:
864 1064 903 1105 Ο
925 1077 1086 1106 numen
1103 1076 1334 1117 aquarum,

155 1130 367 1173 Proxima
388 1133 460 1172 cui
477 1133 591 1174 coelo
609 1134 756 1182 cessit,
779 1132 1003 1185 Neptune,
1025 1135 1247 1185 potestas3

156 1196 323 1251 Magna
342 1200 525 1252 quidem
544 1213 707 1254 posco:
738 1200 815 1240 sed
837 1203 885 1238 tu
908 1200 1111 1238 miserere
1131 1211 1342 1247 meorum,

155 1265 327 1308 Jactari
349 1280 460 1318 quos
482 1268 621 1307 cernis
642 1269 684 1306 in
706 1267 837 1306 Ionio
856 1267 1072 1305 immenso
1092 1279 1103 1314 ;

156 1331 214 1373 Et
235 1332 319 1372 Dis
341 1331 452 1372 adde
473 1333 586 1372 tuis:
617 1332 766 1384 aliqua
784 1334 828 1372 et
844 1331 951 1371 mihi
973 1331 1113 1383 gratia
1133 1334 1272 1384 ponto
1293 1333 1359 1371 est
1376 1344 1386 1382 3
1532 1331 1617 1373 535

147 1397 202 1439 -Si
223 1401 365 1439 tamen
385 1399 429 1439 in
451 1398 524 1439 dio
543 1397 762 1452 quondam
783 1400 992 1438 concreta
1011 1396 1232 1451 profundo

153 1561 204 1590 tet
221 1557 367 1589 verticem
381 1558 413 1588 in
425 1557 614 1598 profundum
630 1568 724 1589 mure.
769 1557 827 1589 Ino
850 1558 924 1589 illuc
947 1559 1084 1590 ascendit
1096 1568 1109 1596 ‚·
1130 1559 1151 1598 (
1154 1558 1277 1590 vesania
1303 1559 1429 1590 dederat
1445 1559 1527 1590 vires
1536 1558 1571 1599 ς)
1586 1563 1617 1591 et

154 1601 239 1632 m1110
255 1603 337 1631 metu
351 1610 491 1641 repressa
506 1602 610 1640 injicit
625 1604 655 1632 et
670 1610 701 1632 se
716 1603 746 1632 et
760 1610 848 1631 suum
861 1611 937 1632 onus
951 1601 983 1631 in
999 1611 1095 1633 mare.
1140 1604 1231 1642 Aqua
1243 1602 1372 1642 impulsa
1388 1602 1545 1633 albicavit.

200 1652 276 1674 xrv.
294 1644 337 1673 Ae
358 1643 457 1674 Venus
472 1645 619 1675 miserata
634 1645 752 1674 dolores
765 1644 867 1684 neptis
882 1644 1059 1683 immeritae,
1070 1644 1117 1675 ita
1133 1645 1277 1675 demulsit
1288 1648 1435 1685 patruum
1449 1655 1537 1676 suum
1550 1655 1562 1681 ,·
1587 1644 1617 1675 0

154 1685 314 1726 Neptune,
326 1696 437 1717 numen
452 1697 614 1727 aquarum,
628 1687 677 1717 cui
693 1686 807 1725 obtigit
816 1690 954 1727 potestas
961 1687 1106 1728 proxima
1121 1689 1205 1725 coelo,
1220 1697 1294 1728 rogo
1304 1688 1442 1728 equidem
1454 1688 1597 1727 ingentia
1608 1697 1620 1723 ,-

152 1730 206 1760 sed
222 1732 258 1758 tu
273 1728 418 1760 miserere
430 1739 580 1767 meorum,
591 1739 666 1770 quos
678 1730 762 1760 vides
776 1730 898 1769 agitari
914 1730 946 1760 in
960 1733 1046 1761 casto
1058 1730 1146 1761 Ionio
1160 1741 1169 1765 ,·
1196 1734 1224 1761 et
1237 1731 1336 1770 adjice
1351 1731 1427 1762 Diis
1438 1731 1513 1762 tuis.
1558 1730 1619 1760 Est

153 1771 250 1801 etium
266 1771 343 1802 milti
369 1772 473 1812 aliqua
495 1772 604 1811 gratia
618 1772 650 1803 in
668 1772 747 1803 mari
759 1783 771 1808 ;
793 1773 821 1802 si
838 1775 942 1803 tamen
957 1773 1030 1803 olim
1051 1777 1126 1804 nuta
1144 1774 1174 1803 in
1189 1774 1259 1804 divo
1280 1777 1374 1813 ponto
1389 1783 1496 1814 spuma
1504 1772 1571 1812 sui,
1587 1775 1617 1804 et

765 1867 1001 1879 eeeeeeeeeeee

155 1932 263 1961 -526
296 1931 400 1962 Multi
429 1931 535 1962 Codd.
581 1933 712 1963 Summa
753 1934 978 1973 rigent.—328
1017 1934 1113 1964 Unus
1158 1933 1253 1964 Leid.
1285 1933 1411 1964 turbata
1452 1934 1620 1964 tunore.—

153 1975 259 2003 —633
284 1972 344 2004 Pr.
361 1974 404 2004 V.
426 1983 477 2014 pr.
506 1974 694 2014 Hamburg.
721 1981 755 2006 et
781 1975 912 2007 Arund.
938 1986 999 2017 pro
1017 1976 1087 2007 div.
1114 1976 1191 2007 lect.
1209 1976 1353 2007 miserere
1367 1980 1514 2007 tuorum:
1537 1975 1620 2006 Ber-

152 2022 254 2057 negg.
277 2015 403 2057 aliique
433 2020 698 2058 nepotum—536
723 2018 791 2049 Dio
817 2029 835 2049 e
862 2019 914 2050 Fl.
942 2019 973 2050 S.
991 2019 1102 2052 Marc.
1128 2019 1258 2060 recepit
1285 2018 1408 2050 Heius.
1436 2028 1499 2060 pro
1527 2019 1617 2059 vulg.

816 2136 955 2167 XOTAE

194 2226 258 2255 529
284 2223 386 2264 Onus]
408 2223 625 2257 Melicertam
649 2225 769 2265 filium,
787 2227 858 2268 qui,

148 2281 289 2308 auctore
326 2276 510 2316 Pausania,
541 2287 560 2308 a
597 2278 778 2318 Delphinis
800 2288 857 2310 ex-

956 2230 1018 2259 53⁴
1051 2226 1155 2268 Ionio]
1206 2227 1304 2258 Mare
1333 2231 1386 2259 est
1415 2227 1548 2258 Ionium
1575 2228 1617 2259 ad

914 2289 1073 2311 occasum
1100 2279 1193 2321 Epiri
1219 2285 1254 2310 et
1282 2279 1533 2320 Peloponnesi:
1570 2285 1620 2310 at·

151 2332 286 2368 ceptus,
300 2331 337 2358 et
352 2327 384 2357 in
398 2327 564 2358 Isthmum
577 2328 788 2360 Corinthium
800 2340 856 2361 ex-

149 2379 295 2420 positus,
309 2379 341 2410 in
353 2380 505 2411 Deorum
524 2381 728 2412 marinorum
742 2391 856 2413 nume—

150 2439 223 2461 rum
241 2431 368 2461 relatus
386 2436 450 2470 est,
465 2431 644 2472 dictusque
668 2431 853 2473 Palaemon,

148 2488 210 2512 teu
227 2479 446 2511 Portnmnus.

192 2534 256 2563 6⁸⁰
281 2531 411 2572 Neptis]
445 2532 533 2564 Quia
556 2532 636 2563 Inus
660 2537 769 2564 mater
791 2531 856 2564 fuit

150 2578 342 2612 flamonia
363 2581 482 2612 Cadmi
499 2591 596 2621 uxor,
617 2591 717 2623 quarn
739 2581 855 2613 Venus

149 2637 194 2660 ex
207 2630 323 2663 Marte
340 2637 515 2672 genuerat.

195 2681 256 2710 ⁶⁸1
268 2681 405 2723 patruo]
417 2684 593 2724 Neptuno,
605 2684 855 2725 scilicet,Jovis

150 2727 263 2766 fruti,
277 2739 376 2770 quen
391 2733 513 2766 Jovem
530 2735 646 2767 Venus
671 2745 733 2776 pro
757 2740 856 2777 patre

154 2780 322 2821 agnoscit.

912 2340 977 2371 que
999 2330 1086 2361 adeo
1109 2331 1250 2362 multum
1269 2329 1394 2371 diuque
1422 2339 1498 2361 suos
1520 2329 1618 2361 undis

906 2382 1035 2422 jactari
1060 2382 1137 2412 sivit
1154 2382 1282 2420 Venus,
1298 2385 1355 2412 aut
1379 2381 1480 2421 plane
1503 2380 1618 2412 nescio

912 2432 1001 2462 unde
1020 2432 1094 2462 illos
1110 2431 1306 2472 proecipites
1319 2430 1454 2461 dederit
1468 2430 1588 2461 Poeta.

952 2485 1015 2513 536
1026 2482 1064 2513 Si
1074 2481 1191 2522 tumen]
1201 2481 1322 2512 Plures
1333 2479 1438 2512 fuisse
1451 2481 1618 2518 Veneres,

911 2537 1012 2573 atque
1037 2541 1153 2562 carum
1179 2541 1277 2562 unam
1305 2540 1347 2562 ex
1370 2530 1471 2562 maris
1499 2539 1618 2570 spuma

911 2583 1163 2623 ortam,Cicero
1174 2583 1296 2624 aliique
1307 2583 1527 2622 scripserunt.
1539 2581 1625 2613 Norr

912 2634 1075 2674 imperite
1094 2634 1199 2674 igitur
1216 2643 1305 2665 nunc
1323 2633 1445 2675 arripit
1462 2632 1517 2662 illa
1526 2631 1616 2673 quod

912 2685 977 2716 sibi
994 2695 1013 2716 ι
1039 2684 1150 2726 poetis
1173 2684 1352 2722 tributum,
1369 2692 1473 2724 seque
1493 2682 1526 2713 in
1543 2691 1618 2724 pro-

909 2736 1017 2768 fundo
1035 2737 1108 2767 vult
1124 2736 1288 2777 genitam,
1310 2739 1346 2764 ut
1369 2732 1502 2766 {acilius
1525 2734 1616 2778 quod

910 2787 1009 2829 cupit
1023 2798 1043 2820 n
1060 2787 1222 2828 Neptuno
1238 2787 1476 2827 consequatur.
