1831 3023
155 211 269 255 1388
650 221 690 249 P.
721 217 880 248 ovmn
913 216 1122 248 NAsoms

159 316 358 366 Lumina,
378 329 458 356 nec
476 328 613 356 causa
632 314 821 368 suspiria
840 316 957 354 mota
977 311 1160 364 patenti,

159 383 216 425 Et
235 384 372 424 crebri
393 383 639 435 amplexus,
662 385 703 420 et
723 393 840 431 quae,
860 380 897 418 si
917 377 1026 418 forte
1045 378 1222 426 notasti,

160 449 326 490 Oscula
348 449 493 489 sentiri
513 460 597 486 non
619 458 718 485 esse
741 443 908 484 sororia
928 448 1119 496 possent.

160 516 268 569 Ipsa
288 521 443 562 tamen,
462 512 661 565 quamvis
680 511 823 551 animo
845 524 972 564 grave
993 513 1146 552 vulnus
1165 510 1393 559 habebam,

162 581 375 631 Quamvis
394 581 507 618 intus
527 580 620 617 erat
639 576 757 618 furor
778 579 941 630 igneus,
971 580 1116 620 omnia
1135 579 1233 627 feci,
1522 572 1608 614 540

159 647 289 700 (Sunt
308 645 410 684 mihi
434 644 494 684 Di
515 642 689 697 testes)
717 649 766 684 ut
785 644 955 684 tandem
977 646 1121 686 sanior
1142 657 1284 686 essem
1302 657 1312 684 ε

162 712 446 765 Pugnavique
465 711 539 751 diu
559 712 750 751 violenta
769 711 998 764 Cupidinis
1021 725 1140 753 arma

161 778 361 830 Effugere
382 776 558 826 infelix3
590 781 633 816 et
652 778 766 829 plus,
795 790 928 830 quam
947 778 1055 818 ferre
1077 779 1268 831 puellam

162 845 303 886 Posse
324 848 469 896 putes,
492 855 573 894 ego
597 842 704 882 dura
725 843 817 882 tuli.
878 842 1094 894 Superata
1114 844 1239 883 fateri

163 911 321 964 Cogor,
342 922 556 962 opemque
578 912 695 948 tuam
716 907 880 948 timidis
899 920 1135 960 exposcere
1156 908 1286 948 votis.
1525 907 1612 948 545

162 978 232 1018 Tu
253 989 421 1018 servare
443 980 582 1029 potes,
605 981 652 1015 tn
673 975 850 1030 perdere
871 975 992 1015 solus
1015 978 1247 1016 amantem.

164 1043 285 1096 Elige
305 1046 447 1083 utrum
467 1042 619 1083 facias.
682 1042 785 1082 Non
803 1042 885 1081 hoc
905 1042 1083 1082 inimica
1103 1045 1329 1095 precatur:

164 1109 254 1149 Sed
276 1124 389 1163 quae,
413 1123 512 1150 cum
532 1110 611 1150 tibi
631 1110 691 1149 sit
707 1109 1003 1162 junctissima,
1020 1107 1213 1160 junctior
1231 1120 1327 1148 esse

164 1176 375 1230 Expetit3
406 1180 447 1217 et
467 1177 610 1218 vinclo
633 1181 774 1217 tecum
796 1176 1001 1228 propiore
1023 1175 1167 1227 ligari.

164 1243 193 1284 J
198 1256 274 1283 ura
293 1256 419 1283 senes
440 1243 582 1283 norint
599 1257 608 1283 :
640 1247 681 1283 et
701 1242 806 1296 quid
826 1242 1064 1295 liceatque,
1085 1241 1310 1294 nefasque,
1530 1236 1614 1281 550

166 1309 342 1363 Fasque
364 1310 431 1359 sit,
454 1310 697 1362 inquirant3
728 1310 959 1362 legumque
980 1308 1188 1349 examina
1210 1310 1400 1349 servent:

167 1375 440 1416 Conveniens
464 1376 613 1415 Venus
635 1380 705 1415 est
727 1375 851 1415 annis
872 1375 1098 1415 temeraria
1118 1375 1291 1414 nostris.

168 1441 289 1492 Quid
304 1443 450 1492 liceat,
470 1443 690 1483 nescimus
711 1441 854 1482 adhuc
872 1455 881 1482 :
912 1445 953 1481 et
969 1445 1127 1481 cuncta
1144 1441 1273 1481 licere

167 1564 198 1590 et
210 1560 345 1600 gemitus
360 1561 445 1591 ducti
467 1570 557 1590 causa
572 1561 699 1598 latente,
727 1564 757 1590 et
773 1560 953 1600 frequentes
968 1561 1138 1599 amplequ
1162 1562 1193 1589 et
1207 1560 1326 1597 suavia,
1352 1568 1419 1598 quoe
1441 1559 1468 1588 si
1476 1557 1617 1596 forsitan

167 1602 347 1641 observasti,
370 1606 492 1642 possent
506 1602 617 1632 sentiri
632 1612 691 1632 non
706 1611 768 1632 esse
783 1603 912 1641 sororia,
936 1605 1081 1641 poterant
1106 1602 1227 1641 quidem
1254 1601 1311 1631 tibi
1334 1611 1397 1631 esse
1412 1601 1503 1639 signa
1518 1601 1619 1632 cordis

167 1645 331 1675 vulnerati.
378 1645 558 1684 Quanquam
573 1647 676 1674 tamen
690 1654 745 1681 ego
766 1645 907 1680 graviter
921 1644 1022 1673 animo
1045 1645 1117 1673 loesa
1143 1652 1238 1681 eram,
1262 1651 1434 1682 quanquam
1451 1644 1536 1673 intus
1550 1645 1619 1673 erat

168 1687 261 1716 ardor
283 1687 403 1724 igneus,
429 1687 529 1716 omnia
546 1686 676 1722 tentari,
702 1685 784 1725 (Dii
799 1688 870 1715 sunt
885 1685 1008 1722 conscii,
1011 1684 1033 1723 )
1056 1688 1092 1714 ut
1118 1685 1244 1724 denique
1269 1694 1362 1715 essem
1386 1684 1507 1714 sanior.-
1528 1687 1619 1724 atque

170 1729 280 1758 misera
294 1729 348 1757 diu
364 1731 472 1758 conata
488 1737 554 1758 sum
570 1729 685 1758 evitare
700 1737 781 1757 saeva
796 1737 883 1757 arma
898 1727 1024 1757 Amoris
1032 1737 1044 1763 ;
1066 1729 1156 1766 atque
1171 1736 1226 1765 ego
1239 1727 1309 1766 plus
1321 1735 1412 1766 passa
1426 1735 1504 1764 sum,
1529 1725 1626 1766 quamv

168 1772 274 1800 credas
285 1770 418 1810 puellam
430 1779 517 1809 posse
539 1770 616 1809 pati.
666 1770 755 1800 Victa
778 1779 869 1808 cogor
893 1769 1044 1810 confiteri,
1069 1772 1101 1799 et
1124 1772 1228 1808 petere
1254 1772 1342 1799 tuum
1364 1768 1516 1799 auxilium
1540 1768 1622 1799 votis

168 1812 279 1843 dubiis.
327 1812 372 1842 Tu
393 1814 475 1842 solus
495 1816 580 1853 potes
604 1812 784 1842 incolumem
804 1814 966 1851 proeslare,
992 1814 1028 1842 tu
1055 1812 1143 1841 solus
1165 1811 1294 1850 perdere
1317 1814 1482 1842 amantem.
1529 1810 1622 1850 Elige

170 1857 272 1885 utrum
280 1853 395 1892 facias.
439 1855 512 1885 Non
534 1855 631 1885 hostis
647 1855 730 1885 istud
745 1858 825 1893 orat,
847 1855 899 1884 sed
913 1864 991 1893 quae,
1017 1863 1084 1884 cum
1109 1853 1151 1884 sit
1178 1853 1236 1884 tibi
1251 1853 1510 1895 conjunctissima,
1534 1855 1625 1893 optat·

168 1896 228 1927 tihi
242 1907 305 1928 esse
319 1898 521 1936 conjunctior,
546 1900 638 1937 atque
659 1897 795 1927 connecti
820 1896 878 1926 tibi
902 1897 1007 1936 copula
1032 1896 1175 1926 arctiore.
1220 1895 1314 1926 Senes
1338 1897 1518 1934 cognoscant
1533 1896 1622 1934 jura,

171 1942 260 1979 atque
271 1943 503 1978 perscrutentur
518 1940 591 1979 quid
608 1940 710 1976 liceat,
734 1940 807 1979 quid
822 1939 864 1969 sit
871 1938 941 1978 sas,
962 1942 1016 1969 aut
1031 1938 1130 1976 nefas,
1146 1941 1175 1968 et
1191 1937 1349 1968 observent
1364 1939 1484 1968 decreta
1499 1938 1599 1975 legum
1609 1947 1619 1967 .·

176 1981 275 2012 Venus
288 1982 512 2013 inconsiderata
527 1985 600 2022 apta
624 1985 668 2012 est
685 1985 796 2012 nostrae
811 1981 912 2011 oetatz'.
958 1981 1142 2019 Ignoramus
1155 1980 1254 2010 adhuc
1280 1979 1354 2019 quid
1368 1978 1427 2016 sas
1450 1979 1504 2019 sit,
1528 1981 1620 2019 atque

784 2063 801 2074 ο

976 2063 1015 2074 Ν

171 2117 278 2148 invida
292 2127 364 2158 saep.
389 2118 480 2148 unde
507 2118 628 2149 Heius.
655 2118 742 2158 conj.
758 2118 970 2149 unitim—536
993 2117 1064 2147 Pro
1085 2119 1168 2146 mota
1180 2115 1277 2146 multi
1295 2114 1401 2146 Codd.
1417 2118 1512 2152 nota;
1535 2125 1620 2147 unus

170 2161 316 2191 Strozzae
342 2162 429 2198 nata,
455 2160 546 2200 quod
574 2170 638 2190 nou
666 2159 866 2199 displicebat
894 2159 1014 2190 Heins.
1041 2162 1109 2188 tres
1125 2157 1202 2187 libri
1225 2159 1328 2196 longa.
1362 2157 1496 2189 Deinde
1513 2158 1620 2190 Gron.

172 2202 306 2238 latenti;
329 2203 371 2232 A.
391 2201 512 2239 fatenti
520 2212 533 2238 ,·
564 2202 658 2232 Med.
680 2201 823 2241 potenti;
859 2200 925 2231 duo
949 2201 1182 2240 petenti.—538
1207 2200 1355 2230 Berolin.
1380 2204 1416 2230 et
1442 2200 1499 2230 alii
1523 2209 1621 2232 soror.

170 2246 415 2284 possunt.—-539
439 2242 509 2273 Alii
534 2253 655 2283 quamv.
680 2243 798 2279 animi3
832 2248 868 2273 at
894 2243 1007 2282 animo,
1026 2242 1144 2282 judice
1174 2241 1292 2272 Heius.
1318 2241 1460 2272 rectius:
1502 2243 1554 2274 Fl.
1583 2242 1620 2274 S.

174 2286 297 2324 Marci,
308 2291 344 2317 et
359 2286 491 2316 Bonon.
507 2295 626 2325 quamv.
638 2295 684 2316 me
691 2285 761 2323 jam
774 2295 808 2324 g.
822 2296 851 2315 v.
866 2285 1005 2316 habebat.
1030 2285 1147 2315 Heius.
1160 2283 1262 2314 etiam
1280 2283 1368 2324 conj.
1382 2285 1463 2314 vuln.
1479 2284 1598 2315 alebam
1606 2295 1620 2321 ,-

175 2333 213 2359 ut
228 2328 309 2359 illud
324 2328 420 2368 Virg.
441 2327 516 2358 AEn.
533 2337 581 2358 1v.
597 2330 627 2358 2.
653 2329 661 2344 ‘
679 2327 810 2358 Vulnus
827 2327 887 2358 alit
909 2326 1133 2358 venis.’—54l
1159 2326 1317 2358 Quatuor
1333 2326 1412 2357 libri
1439 2326 1515 2357 Sint
1531 2326 1621 2358 mihi.

174 2373 279 2401 —543
303 2370 400 2401 Unus
432 2369 526 2401 Med.
557 2380 646 2409 quam
662 2369 867 2407 sorta—547
891 2369 986 2400 citat
1015 2370 1087 2400 haec
1115 2368 1309 2406 Cledonius,
1335 2369 1369 2398 in
1400 2367 1500 2408 Arte,
1531 2369 1621 2399 inter

176 2413 424 2444 Grammaticos
445 2417 529 2442 vett.
544 2412 605 2443 hoc
622 2412 743 2442 modo:
769 2422 828 2442 non
852 2412 906 2442 hoc
931 2411 1057 2442 inimica
1079 2414 1246 2451 premitur,-
1276 2410 1337 2441 Sed
1353 2420 1544 2451 quaecumque
1561 2410 1622 2441 tibi

171 2455 311 2494 junctiss.
329 2456 382 2494 ὅτ.
416 2454 544 2494 Scripti
560 2454 643 2484 nihil
668 2455 814 2493 variant,
839 2453 904 2485 nisi
922 2453 1011 2495 quod
1029 2453 1165 2494 quidam
1181 2463 1241 2483 non
1255 2453 1344 2489 haec;
1367 2453 1422 2483 alii
1437 2453 1492 2483 hoc
1507 2462 1620 2484 non.—

176 2499 239 2527 549
261 2497 358 2527 Voss.
385 2506 474 2536 prop.
507 2496 723 2527 tener·i.—550
754 2497 905 2527 Berolin.
935 2506 997 2527 sen.
1026 2498 1255 2526 norunt.—55l
1279 2496 1395 2525 Bru-m.
1423 2495 1495 2526 vult
1520 2505 1621 2527 exam.

175 2541 309 2579 versent,
333 2539 422 2580 quod
439 2539 484 2577 τῷ
504 2539 662 2579 inquirant
679 2539 796 2569 melius
820 2538 1026 2579 respondet;
1056 2537 1191 2569 utillud
1218 2537 1303 2568 Hor.
1328 2536 1429 2569 Po'et.
1443 2536 1521 2569 Art.
1547 2540 1622 2569 268.

826 2624 970 2656 NOTAE

220 2699 282 2727 553
299 2696 473 2737 Nescimus]
486 2697 540 2728 Ita
551 2697 732 2739 loquuntur
740 2707 870 2728 omnes:
926 2701 987 2729 unt
1012 2697 1196 2728 adversari.
1252 2696 1392 2727 Interea
1418 2706 1457 2728 eo
1485 2696 1620 2737 gravius

180 2755 215 2777 se
231 2747 362 2779 nescire
378 2747 496 2780 dicunt
512 2747 603 2790 quod
625 2748 712 2779 votis
727 2748 794 2780 suis
809 2748 873 2780 sci·
926 2752 1004 2780 sunt
1019 2748 1159 2789 decepti
1180 2747 1235 2789 qui
1252 2751 1373 2788 sponte
1395 2755 1455 2778 sua
1470 2751 1548 2779 sunt
1563 2745 1619 2777 de-
