1831 3023
194 256 307 299 1514
676 269 719 297 P.
750 267 909 297 evron
943 267 1152 298 NAsoms

193 362 306 403 Visa
325 362 435 415 fugit
454 361 675 416 Nymphe,
697 362 830 403 veluti
850 363 1072 414 perterrita
1090 362 1257 403 fulvum

195 428 336 470 Cerva
355 430 521 482 lupum,
543 429 759 481 longeque
780 429 879 468 lacu
899 427 1108 481 deprensa
1126 429 1273 469 relicto

195 494 464 549 Accipitrem
486 495 676 535 fluvialis
697 507 818 535 anas.
879 494 1026 544 Quam
1051 495 1209 537 Troius
1228 496 1354 536 heros

195 562 467 615 Insequitur:
499 562 767 613 celeremque
789 565 905 601 metu
927 561 1037 601 celer
1057 567 1178 615 urget
1198 575 1361 603 amore.

195 628 311 669 Ecce
331 630 470 668 latens
489 628 624 668 herba
645 628 823 668 coluber
841 628 1046 680 fugientis
1067 630 1237 670 adunco
1557 628 1644 669 775

196 695 336 735 Dente
357 694 512 747 pedem
534 696 723 744 strinxit,
745 696 958 749 virusque
979 697 1022 736 in
1042 710 1225 750 corpore
1249 697 1423 751 linquit.

196 760 306 801 Cum
322 762 416 801 vita
434 775 673 816 suppressa
691 761 795 815 fuga
816 768 896 804 est.
956 763 1246 817 Amplectitur
1267 777 1416 805 amens

194 826 476 869 Exanimem:
507 829 768 882 clamatque,
791 831 936 882 Piget,
958 833 1074 883 piget
1093 845 1188 872 esse
1209 835 1429 872 secutum:

196 894 285 935 Sed
305 908 390 935 11011
410 894 492 935 hoc
512 896 662 935 timui:
692 908 773 935 nec
795 899 887 935 erat
905 896 1008 935 mihi
1028 898 1201 936 vincere
1222 898 1346 938 tanti.

192 960 469 1002 Perdidimus
487 963 687 1003 miseram
708 975 786 1003 nos
807 966 847 1002 te
869 962 969 1003 duo.
1019 962 1194 1002 Vulnus
1211 964 1267 1003 ab
1288 975 1446 1015 angue,
1559 961 1644 1004 780

195 1027 237 1068 A
257 1042 326 1069 me
346 1042 482 1070 causa
503 1030 605 1070 data
626 1033 710 1070 est.
770 1029 865 1083 Ego
887 1031 970 1070 sim
991 1030 1241 1070 sceleratior
1260 1029 1352 1079 illo,

196 1094 259 1136 Ni
278 1096 358 1136 tibi
378 1100 518 1137 morte
539 1110 635 1137 mea
656 1097 806 1138 mortis
827 1097 982 1137 solatia
1003 1097 1187 1138 mittam.

199 1162 352 1204 Dixit:
383 1168 424 1204 et
446 1177 468 1204 e
485 1164 687 1218 scopulo,
709 1177 836 1218 quem
855 1177 990 1205 rauca
1012 1164 1245 1205 subederat
1261 1163 1396 1214 unda,

196 1229 255 1271 Se
275 1230 395 1271 dedit
414 1232 457 1271 in
476 1236 670 1284 pontum.
728 1231 898 1285 Tethys
917 1233 1124 1272 miserata
1138 1231 1361 1272 cadentem

196 1296 390 1338 Molliter
408 1299 603 1351 excepit:
633 1303 892 1352 nantemque
914 1312 992 1353 per
1015 1311 1197 1352 aequora
1218 1299 1372 1352 pennis
1564 1296 1629 1338 78-

195 1364 354 1406 Texit:
387 1370 431 1405 et
449 1370 615 1419 optatae
637 1380 723 1408 non
744 1372 810 1407 est
831 1367 935 1408 data
956 1367 1089 1420 copia
1107 1366 1273 1407 mortis.

196 1431 455 1484 Indignatur
476 1445 627 1473 amans
647 1434 834 1473 invitum
856 1435 1000 1473 vivere
1018 1434 1130 1485 cogi,

1623 1297 1648 1337 Q«
1597 1266 1601 1270 '

199 1551 372 1590 prorumpit
389 1554 531 1591 tanquam
546 1561 636 1582 cerva
652 1553 805 1584 exterrita
820 1563 927 1584 rarum
939 1554 1055 1594 lupum,
1078 1557 1132 1584 aut
1147 1551 1370 1593 anasfluvialis
1383 1554 1525 1592 correpta
1546 1552 1652 1591 procul

199 1603 218 1623 a
233 1596 344 1632 stagno
359 1594 467 1624 relicto
474 1593 565 1632 fugit
578 1594 766 1634 accipitrem.
814 1596 914 1631 Quam
930 1596 1017 1627 heros
1032 1595 1182 1634 Trojanus
1196 1596 1400 1635 persequitur,
1415 1597 1446 1625 et
1461 1594 1536 1624 lez-is
1549 1602 1653 1624 amore

196 1635 312 1675 premit
327 1636 421 1666 levem
437 1636 558 1666 timore.
605 1637 685 1667 Ecce
698 1638 811 1675 anguis
826 1641 923 1668 tectus
934 1638 1129 1677 graminibus
1142 1639 1280 1668 vulnerat
1296 1639 1387 1668 dente
1407 1646 1534 1667 recurro
1547 1637 1654 1675 pedem

193 1677 363 1716 fugientis,
377 1681 468 1718 atque
483 1678 605 1717 spargit
621 1688 766 1709 venenum
782 1680 815 1709 in
830 1690 949 1719 corpus.
999 1680 1086 1718 Fuga
1102 1689 1239 1719 repressa
1255 1683 1298 1709 est
1313 1689 1382 1709 cum
1395 1680 1472 1710 vita.
1517 1678 1653 1708 Insanus

201 1721 414 1759 complectitur
439 1730 638 1758 exsanguem,
663 1724 754 1758 atque
771 1722 895 1759 clamat,
923 1722 1069 1758 Paenitet,
1095 1722 1223 1761 poenitet
1238 1730 1301 1751 esse
1315 1723 1527 1761 persecutum:
1550 1729 1654 1750 verum

202 1762 287 1791 istud
306 1772 365 1791 non
380 1761 599 1798 reformidati,-
624 1773 718 1802 neque
733 1763 809 1793 mihi
825 1767 892 1794 erat
918 1763 999 1793 tanti
1023 1764 1210 1803 superiorem
1225 1772 1297 1793 esse.
1346 1763 1411 1793 Nos
1431 1763 1489 1792 duo
1503 1765 1533 1792 te
1552 1761 1656 1800 infeli-

202 1813 264 1834 cem
278 1803 479 1843 perdidimus
528 1804 626 1843 Plaga
651 1805 787 1844 impacta
802 1810 847 1836 est
870 1817 887 1836 a
903 1809 1054 1845 serpente,
1068 1816 1123 1844 ego
1137 1805 1322 1835 occasionem
1335 1804 1463 1844 praebui.
1510 1804 1581 1842 Ego
1596 1803 1656 1834 sim

195 1845 405 1883 facinorosior
421 1846 486 1883 illo,
502 1847 563 1876 nisi
576 1847 633 1876 tibi
649 1847 780 1887 offeram
798 1848 1031 1879 consolationem
1046 1848 1129 1878 necis
1140 1858 1206 1878 mea
1221 1848 1315 1878 clade.
1340 1847 1439 1878 Dixit
1452 1857 1462 1883 ;
1485 1850 1514 1876 et
1526 1846 1657 1876 immisit

202 1897 234 1918 se
249 1888 282 1918 in
298 1898 382 1918 mare
395 1898 434 1918 ex
447 1890 671 1928 promontorio,
687 1892 766 1929 quod
781 1901 861 1931 aqna
877 1901 986 1921 sonora
1000 1891 1187 1921 corr-oderat.
1223 1890 1335 1930 Tethys
1350 1890 1496 1920 miserata
1507 1888 1658 1920 labentem

203 1932 322 1971 excepit
340 1931 461 1965 leniter,
478 1934 508 1961 et
525 1932 644 1971 operuit
659 1934 768 1972 pennis
782 1937 941 1964 natantem
953 1943 1011 1973 per
1024 1943 1128 1963 mare:
1152 1943 1248 1972 neque
1263 1942 1418 1963 concessus
1430 1935 1475 1962 est
1489 1931 1590 1962 obitus
1605 1932 1657 1962 de-

201 1972 365 2005 sideratus.
410 1974 530 2005 Amans
552 1974 700 2005 irascitur
723 1976 871 2006 nolentem
887 1976 956 2015 cogi
978 1975 1075 2006 vitam
1089 1977 1206 2015 ducere,
1228 1978 1318 2016 atque
1342 1975 1477 2005 animam
1498 1972 1658 2014 prohiberi

809 2061 846 2072 ‘e
850 2060 983 2072 eoeeoaeo
987 2060 1043 2070 ἰο

203 2120 289 2141 unus
306 2111 467 2150 ingestos;
490 2112 572 2143 alius
590 2113 747 2144 incomtos.
770 2114 905 2144 Deinde
931 2115 1029 2144 Cant.
1045 2113 1076 2143 in
1092 2113 1270 2143 sola—rw
1293 2111 1389 2141 Voss.
1404 2114 1440 2140 et
1464 2108 1562 2147 Sixii‚
1588 2108 1654 2139 duo

205 2153 326 2184 Heius.
357 2158 391 2184 et
420 2164 504 2184 unus
532 2155 627 2185 Leid.
666 2156 760 2194 Agna
790 2157 962 2195 lup.—773
1002 2155 1151 2186 Berolin.
1192 2153 1317 2183 Troicus
1346 2153 1519 2183 herz—776
1554 2151 1657 2182 Multi

206 2193 506 2235 Stringit...linquit‚
533 2197 621 2236 quod
653 2198 770 2228 Burni.
799 2198 944 2227 librariis
975 2197 1132 2237 imputat,
1162 2196 1215 2235 qui
1243 2196 1433 2235 rhythmum
1457 2193 1657 2225 amarint.—

208 2239 269 2267 7⁷7
294 2237 370 2267 Duo
388 2238 482 2267 Med.
498 2237 553 2268 rit.
569 2239 902 2278 svspensasug.—778
926 2239 965 2269 In
994 2248 1059 2269 uno
1086 2244 1152 2268 vet.
1181 2237 1314 2268 Ciofan.
1347 2246 1411 2266 uno
1436 2237 1476 2267 V.
1500 2236 1658 2271 hannis,

208 2278 346 2310 Caelest.
365 2284 397 2309 et
415 2279 565 2309 Berolm.
581 2282 668 2310 clam.
690 2281 777 2320 piget
794 2291 840 2311 me
854 2285 885 2311 te
908 2291 963 2312 ess.
989 2281 1145 2311 Heidelb.
1168 2281 1279 2310 clamat
1303 2289 1417 2319 quoque
1441 2279 1527 2318 piget
1543 2288 1598 2309 ess.
1621 2278 1659 2308 τὸ

207 2330 321 2361 quoque
338 2321 472 2361 punctis
487 2326 654 2359 notatum,
671 2328 704 2353 et
730 2323 952 2362 superscript.
973 2326 1168 2354 certe.-—781
1202 2323 1241 2352 In
1272 2321 1470 2361 quibusdam
1499 2330 1556 2358 ego
1579 2331 1657 2352 sum.

209 2363 305 2394 Leid.
330 2374 398 2394 sum
420 2365 745 2396 truculentiora—782
771 2366 816 2396 Ni
838 2375 900 2405 pro
918 2366 1006 2405 vulg.
1033 2366 1097 2400 Qui
1115 2365 1234 2395 Heius.
1253 2364 1347 2394 dedit
1375 2374 1416 2393 ex
1444 2364 1558 2393 multis
1573 2367 1658 2394 vett.

210 2408 314 2435 —784
344 2406 385 2436 Se
400 2407 486 2436 dedit
502 2413 550 2436 est
570 2416 611 2436 ex
628 2408 672 2438 B.
685 2412 718 2437 et
736 2408 855 2438 Urbin.
872 2409 961 2447 vulg.
986 2408 1111 2439 Decidit
1128 2418 1138 2443 ,·
1162 2407 1216 2436 alii
1234 2406 1374 2442 Desilit;
1398 2411 1466 2436 tres
1482 2405 1659 2442 Deficit.—

208 2449 283 2478 786.
297 2451 359 2478 787
383 2448 479 2478 Alter
503 2449 650 2479 Strozzae
672 2450 786 2481 Vexit:
818 2454 867 2480 et:
891 2451 1010 2481 Heius.
1036 2450 1182 2480 malebat
1212 2449 1332 2480 Vas-tit:
1355 2453 1389 2478 et
1406 2457 1481 2477 mox
1498 2447 1658 2478 emendat

210 2492 245 2520 ut
260 2493 373 2530 optatoe
385 2500 414 2521 n.
430 2500 456 2521 e.
469 2492 499 2521 d.
512 2502 539 2521 c.
558 2492 677 2531 mortis,
694 2493 719 2523 Ι.
736 2502 863 2523 amans:
886 2493 1002 2523 invitus
1012 2503 1039 2523 v.
1051 2503 1078 2523 c.
1103 2492 1172 2523 Pro
1187 2492 1295 2523 mortis
1310 2490 1406 2521 multi
1419 2489 1527 2521 Codd.
1543 2490 1636 2521 morti
1650 2500 1661 2520 .·

859 2586 996 2618 NO'I'AE

247 2661 310 2690 772
337 2659 434 2699 Lacu]
463 2658 517 2690 Ad
545 2669 659 2700 quem,
681 2666 718 2692 ut
743 2670 777 2691 se
809 2662 905 2702 aquis
957 2672 1075 2703 parum
1100 2661 1192 2692 vides
1216 2659 1357 2691 aliorum
1381 2657 1551 2689 hominum
1576 2667 1655 2689 con-

206 2709 396 2748 immergat‚
413 2718 479 2739 uon
490 2710 639 2749 segniter
649 2720 727 2741 anas
738 2709 902 2751 confugit.
956 2713 1060 2744 sortia
1076 2712 1258 2752 fugiamus,
1274 2710 1338 2741 nisi
1361 2710 1499 2750 insuper
1520 2717 1539 2739 a
1560 2707 1656 2739 nobis

251 2761 312 2789 777
336 2759 463 2798 Αηιεηε]
494 2759 644 2799 AEsacus,
661 2761 803 2792 scilicet.
957 2762 1039 2802 ipsis
1070 2767 1232 2802 tanquam
1248 2760 1289 2791 ab
1308 2758 1539 2791 infensissimis
1555 2757 1660 2790 hosti-

251 2811 313 2839 784
358 2808 399 2840 Se
428 2808 528 2849 dedit]
574 2809 626 2841 Ex
652 2820 718 2851 quo
744 2811 904 2852 prodesse
958 2810 1019 2842 bus
1032 2820 1222 2843 caveamus.
