1831 3023
235 216 352 261 1102
728 228 772 261 ι».
803 226 964 259 ovmn
996 225 1211 260 rusoms

237 322 419 377 Viperei
439 323 627 364 referens
648 324 841 377 spolium
861 325 1141 366 memorabile
1160 325 1344 367 monstri

237 388 358 431 Aera
378 392 586 444 carpebat
602 395 789 432 tenerum
811 392 1094 433 stridentibus
1115 392 1215 433 alis.
1609 391 1696 435 615

237 456 437 510 Cumque
459 471 588 511 super
610 457 802 511 Libycas
821 460 959 500 victor
979 459 1185 512 penderet
1205 471 1390 512 arena83

239 522 457 576 Gorgonei
481 525 644 578 capitis
666 528 798 577 guttae
819 526 1017 566 cecidere
1035 533 1247 568 cruentae:

238 588 364 640 Quas
384 591 541 632 humus
559 595 773 644 exceptas
794 593 939 633 varios
960 593 1172 634 animavit
1190 594 1234 634 in
1255 605 1418 646 angues
1435 606 1448 644 3

239 654 368 698 Unde
387 656 590 711 frequens
612 659 688 700 illa
716 662 796 709 est,
816 659 1061 712 infestaque
1083 663 1197 701 terra
1216 660 1425 701 colubris.

251 858 368 900 ΕΑΒ.
399 858 590 901 XVIII.
650 857 776 901 Atlas
796 858 941 914 Iapeti
960 859 1077 901 filius
1096 860 1139 901 in
1161 860 1357 902 Montem
1379 860 1447 902 sui
1471 859 1675 902 nominis.

239 965 354 999 Arms
368 968 482 1009 Iapeti
495 974 530 1000 et
545 969 698 1000 Pleionae
715 969 802 1000 filius
819 980 838 1000 a
853 970 1032 1010 Themide,
1059 980 1135 1011 quae
1162 969 1258 1000 initio
1277 968 1417 1000 antistes
1434 968 1586 999 Deorum
1602 970 1692 1008 erat,

279 1030 477 1061 responsum
494 1023 639 1062 accepit,
656 1032 698 1053 ne
714 1031 814 1063 quem
829 1022 980 1063 hospitio
996 1032 1040 1053 ex
1063 1023 1224 1063 progenie
1236 1021 1331 1053 Jovis
1348 1021 1531 1061 reciperet,
1546 1019 1574 1051 si
1589 1019 1695 1051 vellet

278 1073 424 1113 hortum,
440 1085 504 1115 qno
518 1085 617 1114 poma
632 1085 735 1106 aurea
749 1081 860 1116 erant,
877 1076 1082 1107 custoditum
1098 1076 1237 1106 habere.
1284 1076 1393 1107 Quam
1408 1074 1450 1105 ob
1465 1083 1601 1105 causam
1617 1080 1695 1104 cum

279 1125 408 1157 Perseo
420 1125 563 1167 fatigato
579 1137 620 1158 ex
635 1128 769 1159 assiduo
786 1138 886 1159 cursu
903 1128 1137 1168 requiescendi
1158 1128 1344 1168 hospitium
1371 1126 1577 1167 negavisset,
1601 1133 1698 1157 eum·

281 1188 345 1220 que
362 1180 488 1210 viribus
504 1180 725 1220 propelleret,
741 1181 798 1212 ille
813 1181 941 1212 elatum
958 1186 1061 1221 caput
1085 1182 1255 1221 Gorgonae
1271 1181 1304 1212 ei
1320 1181 1460 1221 objecit.
1505 1180 1582 1212 Quo
1605 1179 1695 1219 viso,

279 1231 314 1262 in
330 1236 477 1264 montem
494 1232 567 1272 pari
590 1231 724 1263 nomine
741 1235 793 1262 est
816 1241 956 1263 versus:
980 1233 1034 1262 cui
1062 1232 1187 1263 ultimis
1213 1232 1343 1264 Africae
1370 1232 1452 1264 locis
1474 1231 1620 1263 mundus
1646 1231 1696 1264 in-

275 1284 391 1323 jectus
405 1288 469 1314 est.

238 1369 378 1426 INDE
399 1397 476 1438 per
495 1384 755 1425 immensum
774 1384 917 1425 ventis
938 1383 1218 1425 discordibus
1240 1387 1367 1425 actus
1607 1386 1696 1428 620

239 1452 371 1494 Nunc
390 1451 489 1501 huc,
509 1463 622 1492 nunc
642 1450 767 1501 illuc,
791 1451 997 1504 exemplo
1017 1450 1146 1490 nubis
1167 1462 1363 1503 aquosae,

238 1519 405 1569 Fertur,
426 1523 468 1560 et
487 1531 544 1559 ex
565 1519 655 1559 alto
677 1518 879 1559 seductas
900 1518 1058 1560 aethere
1076 1518 1205 1572 longe

238 1587 481 1640 Despectat
501 1589 638 1627 terras
655 1600 666 1639 ;
696 1589 924 1640 totumque
946 1587 1205 1640 supervolat
1223 1587 1387 1628 orbem.

236 1743 366 1775 nwnstri
380 1745 494 1785 viperei
514 1745 655 1783 agitabat
671 1744 791 1775 mollem
815 1744 918 1775 aerem
933 1744 992 1775 alis
1005 1745 1223 1784 strepentibus.
1269 1745 1404 1784 Cumque
1421 1743 1485 1774 voti
1506 1753 1625 1784 compos
1640 1742 1695 1774 im-

237 1787 366 1817 mineret
381 1788 482 1817 arenis
500 1787 635 1826 Libycis,
650 1790 751 1824 guttae
774 1787 892 1816 cruoris
914 1787 1110 1827 defluxerunt
1126 1797 1165 1817 ex
1181 1787 1284 1827 capite
1304 1787 1482 1825 Gorgoneo,
1496 1795 1572 1826 quas
1587 1795 1696 1825 excep-

235 1831 285 1858 tas
300 1833 384 1900 tegra
400 1828 548 1859 excitavit
566 1829 599 1858 in
614 1829 751 1858 diversos
766 1832 939 1868 serpentes:
962 1839 1001 1859 ex
1014 1839 1070 1868 quo
1094 1829 1148 1859 illa
1164 1833 1249 1859 terra
1261 1832 1306 1859 est
1330 1828 1438 1859 crebra
1458 1832 1488 1858 et
1503 1827 1618 1865 infesta
1632 1836 1696 1858 ser-

258 1873 320 1901 enti
348 1880 390 1901 us.

232 1880 255 1910 p
280 1921 387 1943 xvm.
411 1912 488 1943 Inde
502 1916 608 1943 vectus
624 1913 724 1943 ventis
739 1912 992 1943 dissentientibus
1005 1923 1061 1953 per
1075 1917 1197 1943 vastum
1213 1911 1340 1951 aerem,
1353 1922 1431 1942 nunc
1446 1912 1516 1950 huc,
1527 1920 1607 1942 nune
1620 1910 1695 1943 illuc

235 1955 373 1986 trahitur
387 1954 465 1984 sicut
487 1954 580 1984 nubes
602 1964 735 1993 aquo-sm
758 1958 789 1984 et
812 1964 852 1984 ex
869 1955 995 1984 sublimi
1018 1955 1089 1985 aere
1113 1955 1245 1994 despicit
1272 1958 1370 1985 terras
1395 1955 1484 1994 longe
1509 1954 1646 1994 dissitas,
1662 1956 1694 1985 et

847 2045 925 2058 W

237 2114 342 2143 -613
365 2112 428 2143 Ed.
460 2113 591 2143 Bersm.
619 2116 655 2142 et
686 2112 760 2142 aliae
792 2114 824 2142 et
839 2111 1039 2141 alten—614
1062 2111 1157 2142 Unus
1189 2111 1307 2143 Heius.
1338 2113 1468 2154 spolium
1497 2112 1694 2144 mirabile.—

237 2157 300 2185 616
317 2154 423 2185 Gron.
446 2165 536 2195 super
550 2155 785 2195 Libyas.—618
810 2153 952 2183 Plurimi
979 2153 1087 2184 humus
1101 2158 1252 2194 acceptas.
1275 2154 1344 2186 Alii
1369 2157 1494 2193 varias,-
1517 2160 1555 2186 ut
1569 2164 1691 2195 supra:

238 2201 382 2236 quatuor
407 2197 484 2227 libri
499 2199 591 2228 vivos.
617 2197 713 2227 Leid.
740 2198 873 2227 mutavit
887 2196 922 2226 in
943 2200 1178 2235 angues.-—619
1201 2198 1298 2229 Vett.
1325 2198 1478 2229 nonnulli
1493 2197 1693 2238 infectaque‚·

237 2238 324 2270 Edd.
343 2240 489 2280 vulgatae
507 2239 797 2279 infestaque—622
813 2238 897 2270 Mss.
915 2238 1045 2270 Bersm.
1060 2240 1122 2270 aleo
1134 2243 1273 2271 semotas.
1297 2241 1426 2273 AEthere
1441 2240 1555 2272 Ursin.
1572 2245 1608 2272 et
1624 2239 1692 2272 duo

891 2346 1032 2378 NOTAE

280 2429 344 2459 614
369 2426 507 2467 Spolium
531 2426 676 2467 monetri]
716 2428 827 2467 Caput
850 2426 934 2458 dicit
989 2427 1114 2458 Phorci
1143 2428 1285 2469 Cetiqne
1315 2428 1409 2468 filiae,
1436 2428 1478 2459 de
1508 2427 1628 2469 quibus
1662 2428 1691 2458 si

239 2475 407 2516 Medusae,
420 2477 564 2517 vipereis
574 2478 703 2517 capillis
714 2477 937 2516 formidabile,
990 2478 1087 2518 plura
1098 2478 1192 2518 cupis
1209 2478 1333 2517 passim
1345 2478 1507 2509 invenies.

240 2525 330 2566 quod
346 2526 500 2557 Plutonis·
516 2528 625 2564 galea,
640 2528 801 2557 Minervae
817 2527 937 2567 aegide,
1032 2532 1092 2560 615
1107 2529 1386 2568 Alis]Ta1aribus‚
1398 2538 1472 2570 quae
1483 2527 1690 2568 aNympffis,

237 2582 273 2607 et
282 2575 368 2608 falce
378 2578 592 2609 adamantina
601 2579 784 2610 instructus
793 2580 938 2611 Perseus
991 2584 1028 2610 ut
1041 2578 1468 2618 scribitApollodorus,ant
1478 2587 1497 2608 a
1505 2576 1692 2617 Mercurio,

239 2628 441 2666 amputavit,
477 2629 638 2660 Minervae
679 2635 776 2661 sento
815 2630 938 2661 deinde
992 2634 1027 2659 nt
1043 2633 1154 2669 placet
1172 2628 1255 2663 aliis,
1271 2629 1416 2659 Perseus
1431 2631 1625 2668 acceperat.

239 2678 381 2716 aptavit,
409 2679 506 2718 eujus
540 2679 684 2711 obtentu
715 2681 875 2720 plurimos
906 2681 938 2712 in
1032 2683 1095 2710 618
1107 2679 1284 2719 Animuvit]
1299 2679 1432 2710 Pictum
1445 2687 1487 2709 ex
1499 2687 1539 2709 eo
1553 2677 1689 2709 videtur

240 2734 322 2756 saxa
337 2728 517 2760 convertit.
561 2730 714 2762 Fuerunt
737 2735 849 2763 autem
866 2732 937 2763 Me·
991 2730 1091 2770 istud,
1111 2729 1199 2771 quod
1227 2729 1379 2770 plurimis
1403 2726 1616 2770 serpentibus
1639 2725 1689 2759 in·

240 2773 327 2806 <lusa
352 2785 420 2807 una
448 2787 525 2810 cum
553 2779 691 2812 Sthenio
728 2785 763 2812 et
789 2782 937 2823 Euryale
990 2779 1080 2812 festa
1091 2779 1137 2812 sit
1151 2778 1280 2812 Africa.
