1831 3023
246 172 360 214 1412
728 184 770 213 r.
802 181 961 213 ovmu
994 181 1205 212 NAsoms

247 274 393 326 Quam
415 280 571 318 natura
588 275 722 331 prior,
745 288 858 316 saxo
876 288 954 329 per
975 288 1135 328 corpus
1157 276 1333 317 oborto:

248 342 428 397 Quique
447 344 493 384 in
511 356 557 384 se
576 344 737 384 crimen
757 343 899 390 traxit,
920 340 1142 394 voluitque
1159 343 1297 383 videri

248 410 415 452 Olenos
436 423 533 451 esse
553 422 715 450 nocens
733 422 741 448 :
773 412 921 460 tuque,
951 421 977 447 o
998 409 1163 449 confisa
1181 409 1349 462 figurae,

245 475 405 518 Infelix
425 477 619 523 Lethaea,
640 478 728 514 tuae
745 487 756 523 ;
781 473 1061 526 junctissima
1078 477 1299 527 quondam
1637 478 1694 518 70

247 545 449 590 Pectora,
470 555 583 581 nunc
605 539 789 593 lapides,
819 553 929 593 quos
947 541 1124 581 humida
1145 544 1326 583 sustinet
1346 542 1440 584 Ide.

246 610 469 657 Orantem,
489 609 734 660 frustraque
754 607 910 648 iterum
932 609 1109 649 transire
1128 612 1359 659 volentem,

245 675 435 715 Portitor
457 678 668 715 arcuerat.
729 674 907 728 Septem
928 679 1073 716 tamen
1092 677 1164 717 ille
1187 677 1340 718 diebus

246 741 485 794 Squalidus
504 742 550 781 in
570 742 683 795 ripa,
703 741 877 784 Cereris
900 743 992 783 sine
1012 756 1199 793 munere,
1221 745 1349 785 sedit.

244 806 376 856 Cura,
398 806 608 860 dolorque
630 807 778 856 animi,
799 808 1094 860 lacrymaeque
1116 809 1321 851 alimenta
1335 811 1469 852 fuere.
1637 811 1694 851 75

244 873 355 915 Esse
377 873 499 914 Deos
521 873 652 914 Erebi
671 872 867 914 crudeles
886 877 1082 927 questus,
1102 874 1146 913 in
1169 875 1302 915 altam

245 940 304 981 Se
325 941 480 994 recipit
501 940 762 994 Rhodopen,
784 940 1045 993 pulsumque
1066 938 1360 993 Aquilonibus
1380 941 1586 984 Haemon.

244 1006 425 1048 Tertius
447 1009 666 1061 aequoreis
685 1007 901 1047 inclusum
923 1006 1130 1047 Piscibus
1152 1020 1313 1048 annum

248 1073 440 1115 Finierat
458 1074 614 1116 Titan:
645 1086 899 1127 omnemque
919 1073 1134 1125 refugerat
1154 1073 1351 1127 Orpheus

236 1221 340 1268 prior,
361 1221 445 1253 silice
466 1231 521 1262 per
539 1221 674 1252 membra
690 1225 814 1252 coacto.-
837 1222 885 1253 vel
909 1221 1036 1259 Olenus,
1056 1220 1109 1261 qui
1129 1220 1162 1251 in
1185 1229 1217 1251 se
1232 1219 1387 1251 derit-avit
1405 1219 1534 1259 culpam,
1550 1223 1581 1250 et
1595 1222 1692 1253 voluit

243 1263 343 1294 videri
364 1274 457 1301 reus;
478 1268 580 1305 tuque,
593 1276 610 1296 o
631 1264 744 1295 misem
759 1264 897 1303 Lethaea,
913 1264 1023 1305 confisa
1032 1263 1146 1301 formoe
1160 1266 1234 1302 tuce,
1252 1263 1324 1293 olim
1341 1262 1540 1300 junctissima
1556 1267 1695 1303 pectora,

242 1314 322 1336 nunc
336 1316 516 1348 saxu,‹1uoe
542 1308 598 1337 Ιιῑε
621 1317 734 1346 aquosa
757 1307 899 1337 sustinet.
946 1306 1090 1336 Portitor
1110 1305 1309 1345 prohibuerat
1321 1308 1508 1344 precantem,
1523 1308 1552 1334 et
1564 1305 1692 1342 frustm

242 1347 339 1378 demto
354 1349 487 1379 transire
502 1350 660 1379 nitentem.
695 1349 749 1379 Ille
766 1353 867 1379 tamen
881 1349 961 1378 sedit
974 1351 1089 1388 septem
1102 1347 1207 1378 diebus
1218 1349 1258 1378 ad
1269 1348 1380 1386 ripam,
1394 1350 1509 1385 sentus,
1525 1348 1591 1377 sine
1600 1358 1693 1386 pane.

242 1388 424 1428 solicitudo,
439 1394 468 1420 et
485 1400 594 1420 moeror
609 1390 716 1426 animi,
742 1394 834 1429 utque
859 1391 1001 1429 lacrymat
1016 1389 1151 1427 fuerunt
1173 1389 1207 1419 in
1233 1399 1341 1420 escam.
1386 1389 1463 1418 Post
1485 1398 1555 1419 uam
1569 1393 1693 1438 questus

242 1435 320 1462 esset
334 1414 424 1463 Deos
434 1432 609 1470 Inferorum
624 1442 685 1463 esse
699 1442 805 1469 savos,
820 1442 852 1462 sc
874 1433 984 1471 recipit
999 1432 1032 1462 in
1049 1432 1199 1462 excelsam
1225 1431 1402 1471 Rhodopen,
1417 1434 1448 1461 et
1498 1440 1608 1461 oemum
1623 1432 1692 1470 agi-

242 1475 343 1504 tatum
368 1475 484 1506 Borea.
528 1474 580 1505 Sol
603 1474 696 1505 tertio
719 1474 891 1505 absolverat
913 1484 1026 1505 annum
1048 1473 1293 1515 comprehensum
1316 1473 1449 1513 piscibus
1471 1472 1639 1513 oequoreis;
1661 1477 1693 1504 et

847 1556 1080 1570 uaeoaeeoeeeaeeo

242 1610 438 1642 chartaceus
449 1610 551 1640 timidi
555 1621 566 1647 ;
575 1609 725 1640 Ber-olin.
736 1610 1009 1649 pavidus:Heins.
1020 1610 1106 1649 conj.
1116 1609 1322 1650 Stygii.—67
1337 1610 1500 1641 Nonnulli
1510 1620 1591 1650 corp.
1606 1610 1692 1641 abor-

240 1655 369 1683 to.—69
381 1652 526 1684 Quidam
544 1652 697 1682 scribunt
715 1653 838 1682 Olenus.
859 1652 953 1682 Tunc
968 1652 1115 1682 Turneb.
1130 1651 1308 1682 Adversar.
1326 1661 1352 1682 1.
1365 1655 1417 1683 23.
1430 1653 1513 1691 legit
1527 1663 1544 1682 o
1559 1653 1691 1693 confixa.

240 1693 310 1725 Alii
323 1694 425 1724 etiam
437 1693 687 1734 habentfigura,
702 1698 737 1724 et
752 1703 800 1723 vs.
818 1703 887 1733 seq.
900 1695 1053 1723 tucn—70
1064 1693 1134 1723 Pro
1142 1694 1270 1724 Lethoea
1281 1703 1364 1724 unus
1376 1694 1470 1724 Med.
1484 1694 1624 1725 Letheti:
1635 1695 1693 1725 Le-

239 1737 320 1768 thaee
333 1736 429 1776 prim.
444 1736 605 1773 Strozzae,
616 1740 651 1766 et
664 1745 732 1766 sec.
749 1736 842 1766 Med.
860 1740 895 1765 et
907 1735 955 1766 Fi.
971 1735 1004 1766 S.
1021 1735 1143 1774 Marci,
1156 1745 1175 1766 a
1189 1745 1276 1766 man.
1290 1745 1358 1767 sec.
1371 1736 1415 1767 N.
1426 1736 1554 1767 Lethie:
1567 1735 1691 1767 Heius.

239 1778 446 1809 Lethez'.-71
472 1778 604 1808 Pectora
622 1778 782 1809 Ciofanus
800 1778 951 1818 reposuit
977 1787 1018 1807 ex
1036 1787 1101 1809 uno
1123 1787 1196 1816 suo,
1221 1783 1255 1809 et
1278 1788 1344 1809 uno
1368 1778 1408 1809 V.
1431 1787 1493 1818 pro
1510 1779 1597 1818 vulg.
1616 1779 1692 1809 Cor-

235 1822 412 1861 pora—772
434 1820 564 1862 Sprotii
591 1820 676 1852 Cod.
700 1825 735 1851 et
759 1830 843 1851 unus
870 1820 960 1850 Mor.
986 1823 1084 1850 trans.
1105 1823 1362 1860 parantem—73
1384 1820 1538 1852 Arcuerat
1565 1824 1619 1852 est
1647 1829 1690 1851 ex

238 1862 350 1894 tribus
378 1863 517 1904 scriptis
542 1872 619 1894 cum
642 1863 815 1903 Bernegg.
846 1866 883 1893 et
903 1862 1032 1893 Thuan.
1059 1864 1149 1902 vulg.
1173 1865 1414 1902 arguerat.——75
1451 1862 1536 1902 Arg.
1565 1863 1620 1894 Ira
1640 1863 1691 1894 do-

238 1906 316 1945 lorq.
330 1904 424 1936 anim.
469 1906 564 1936 Unus
581 1906 669 1936 Mor.
686 1906 770 1936 alim.
785 1906 991 1936 dedere—76
1013 1905 1164 1936 Berolin.
1179 1906 1212 1935 in
1227 1906 1420 1936 altum—77
1444 1904 1514 1936 Alii
1530 1904 1689 1937 Haemum.

240 1950 325 1980 -78
350 1947 468 1978 Heins-
481 1947 576 1979 malit
591 1948 735 1979 (ethereis
751 1957 810 1988 pro
826 1947 1069 1988 ‹Bononia—79
1091 1947 1112 1979 J
1117 1957 1172 1978 un.
1189 1947 1270 1988 Arg.
1287 1951 1322 1978 et
1339 1947 1457 1988 Thysii
1482 1947 1557 1978 Fin.
1579 1947 1688 1983 Pa’an,

894 2032 1034 2064 NOTAE

282 2107 324 2135 68
338 2105 471 2144 Quique]
485 2104 613 2136 Olenus
623 2110 686 2145 est,
699 2107 845 2137 Lethaeae
863 2115 940 2137 con·
1036 2108 1078 2136 76
1094 2105 1200 2145 Erebi]
1218 2107 1269 2136 Ex
1287 2105 1379 2137 Chao
1396 2108 1432 2136 et
1448 2104 1596 2144 Caligine
1613 2114 1689 2146 pro-

237 2155 314 2194 jux,
336 2154 448 2184 uxoris
478 2155 618 2194 crimen,
634 2165 709 2195 quae
733 2165 769 2185 se
795 2156 939 2195 pulchri·
993 2156 1126 2194 genitus
1143 2154 1208 2186 fuit
1224 2155 1276 2186 hic
1301 2154 1399 2186 Lethi
1419 2158 1530 2194 pater,
1545 2154 1601 2196 qui
1624 2164 1686 2185 sae-

239 2203 358 2236 tudine
381 2204 520 2235 Deabus
543 2214 742 2244 praeponere
766 2214 846 2235 ausa
866 2203 937 2236 fue·
992 2205 1127 2243 pissime
1153 2214 1214 2247 pro
1240 2205 1314 2244 ipsa
1341 2196 1639 2235 Inferorum'sede
1667 2214 1686 2237 a

239 2257 304 2293 rat,
318 2262 384 2284 non
401 2254 526 2284 veritus
541 2263 636 2284 suurn
660 2253 774 2284 facere
788 2263 797 2291 ;
820 2263 935 2294 quarn-
990 2253 1108 2284 Poetis
1123 2254 1276 2285 sumitur.

236 2303 350 2335 obrem
367 2313 434 2334 una
450 2313 525 2334 cum
536 2303 592 2334 illa
605 2303 638 2333 in
651 2302 795 2343 lapidem
809 2312 934 2334 versus.
1031 2306 1071 2334 77
1096 2302 1244 2343 Haemon]
1292 2303 1358 2336 Qui
1396 2312 1472 2334 cum
1510 2302 1684 2343 superiore

280 2356 320 2384 71
346 2354 416 2394 Ide]
461 2354 560 2384 Mons
591 2353 751 2393 Phrygiae
780 2354 933 2393 plurimis
987 2361 1079 2383 mons
1107 2356 1159 2383 est
1190 2353 1355 2391 Thraciae,
1383 2353 1516 2392 Boreae,
1539 2353 1684 2392 Septen-

238 2402 389 2435 fontibus
406 2407 551 2435 scatens.
574 2440 576 2442 v
987 2402 1122 2432 trionali
1136 2406 1248 2440 vento,
1260 2403 1406 2433 maxime
1422 2402 1597 2433 obnoxius.

280 2455 321 2484 ⁷3
345 2453 500 2492 Portitor]
534 2453 679 2492 Charon,
709 2452 852 2492 scilicet,
876 2452 932 2493 qui
1028 2455 1069 2483 78
1097 2452 1236 2494 Tertius]
1260 2453 1301 2483 Id
1318 2457 1382 2493 est,
1405 2453 1480 2485 Jam
1498 2456 1551 2483 ter
1564 2451 1685 2484 Zodia-

236 2502 428 2535 Inferorum
443 2503 556 2543 portui
572 2507 708 2542 praeest.
985 2511 1073 2542 cum,
1102 2502 1135 2534 in
1168 2512 1233 2546 quo
1260 2503 1412 2536 ultimum
1440 2506 1476 2533 et
1496 2501 1681 2545 hybernale

278 2555 322 2584 74
345 2553 444 2593 Ripa]
478 2553 591 2593 Stygis
620 2552 809 2584 Inferorum
837 2553 931 2593 palu·
985 2551 1116 2592 signum
1130 2552 1246 2583 Pisces
1260 2556 1490 2592 numerantur,
1504 2552 1683 2584 Solamen-

238 2602 302 2641 dis,
317 2602 459 2634 scilicet.
985 2611 1040 2631 sus
1056 2600 1180 2634 fuerat.
1202 2602 1279 2633 Uno
1296 2601 1410 2643 verbo,
1425 2601 1563 2635 Tertius
1575 2610 1682 2633 annus

282 2652 405 2682 Cereris
418 2652 559 2691 munere]
583 2653 693 2684 Pane:
718 2653 821 2684 Ceres
843 2653 931 2684 enim
984 2652 1119 2692 elapsus
1133 2656 1218 2684 erat.

236 2700 371 2743 frugum
386 2702 470 2743 Dea,
484 2712 556 2744 quae
574 2712 634 2744 pro
649 2702 728 2744 ipsis
743 2703 896 2734 sumitur.
