1831 3023
556 191 1025 225 METAMORPHOSEON
1061 194 1157 226 Lm.
1191 196 1261 226 lx.
1521 188 1633 231 1391

187 288 303 330 Ante
323 292 417 330 erat
434 286 650 338 ambiguis
669 283 803 324 animi
827 283 1042 325 sententia
1062 283 1195 326 dictis

187 354 495 397 Praetentanda
514 351 636 393 mihi.
697 350 768 391 Ne
790 364 876 392 non
897 358 1149 405 sequeretur
1169 357 1355 402 euntem,

185 422 319 463 Parte
340 422 490 474 aliqua
508 418 610 466 veli,
631 417 777 470 qualis
798 418 908 459 foret
927 431 1050 469 aura,
1071 423 1220 460 notare

185 489 445 536 Debueram,
468 489 650 538 tutoque
669 485 778 524 mari
802 484 1058 527 decurrere:
1090 500 1189 540 quae
1210 500 1322 528 nunc
1549 489 1633 528 590

186 555 288 597 Non
308 554 550 607 exploratis
571 551 750 605 implevi
772 551 908 593 lintea
929 553 1082 593 ventis.

183 621 367 663 Auferor
385 621 429 660 in
448 620 655 673 scopulos
675 619 821 671 igitur,
844 620 1158 673 submersaque
1182 623 1275 661 toto

183 687 356 729 Obruor
377 687 579 728 Oceano:
608 699 746 740 neque
766 685 927 727 habent
946 699 1044 727 mea
1063 688 1159 728 vela
1179 700 1396 729 recursus,

182 753 332 805 Quid?
364 753 479 807 quod
499 758 541 794 et
561 753 778 794 ominibus
796 754 924 794 certis
946 754 1209 807 prohibebar
1228 755 1364 796 amori

181 820 406 874 Indulgere
425 833 538 869 meo,
559 825 650 861 tum
673 833 775 861 cum
795 820 900 861 mihi
921 820 1031 862 serre
1046 821 1216 874 jubenti
1547 821 1631 862 590

179 886 375 937 Excidit,
397 892 440 928 et
459 888 562 929 fecit
579 901 684 941 spes
704 893 877 930 nostras
898 902 997 930 cera
1017 890 1242 930 caducas?

179 954 338 996 Nonne
358 956 428 996 vel
449 956 526 997 illa
546 955 638 996 dies
657 955 810 1005 fuerat,
832 957 902 997 vel
922 961 1016 997 tota
1039 957 1258 1006 voluntas,

179 1021 265 1062 Sed
284 1024 430 1076 potius
450 1022 661 1064 mutanda
680 1022 808 1063 dies?
870 1022 994 1063 Deus
1016 1024 1112 1076 ipse
1132 1023 1365 1074 monebat;

179 1089 403 1143 Signaque
425 1095 544 1132 certa
562 1090 722 1131 dabat:
754 1091 792 1130 si
815 1103 898 1131 non
918 1091 1031 1131 male
1052 1104 1158 1132 sana
1178 1091 1373 1132 fuissem.

177 1155 234 1197 Et
253 1161 396 1198 tamen
416 1159 514 1211 ipsa
533 1157 672 1211 loqui,
694 1170 773 1198 nec
795 1171 864 1198 me
889 1159 1155 1199 committere
1178 1172 1288 1200 cerae
1546 1157 1631 1199 600

177 1223 439 1274 Debueram,
464 1237 743 1278 praesensque
764 1238 884 1266 meos
907 1227 1072 1279 aperire
1091 1226 1272 1266 furores.

175 1289 376 1332 Vidisset
396 1292 614 1345 lacrymas
633 1306 642 1332 :
675 1293 822 1332 vultus
842 1292 1027 1333 vidisset
1045 1293 1250 1332 amantis.

175 1355 310 1398 Plura
330 1358 451 1410 loqui
474 1362 680 1410 poteram,
703 1371 834 1411 quam
853 1371 953 1411 quae
973 1371 1134 1411 cepere
1157 1357 1345 1398 tabellae.

173 1422 318 1464 Invito
345 1425 467 1477 potui
490 1424 755 1464 circumdare
776 1425 956 1465 brachia
977 1424 1110 1474 collo,

173 1487 479 1544 Amplectique
499 1490 647 1543 pedes,
676 1490 906 1545 affusaque
927 1503 1108 1545 poscere
1130 1490 1266 1532 vitam
1287 1504 1296 1531 :
1543 1492 1630 1533 605

169 1620 320 1650 sententia
336 1623 402 1651 erat
417 1620 494 1650 milu'
508 1623 582 1651 ante
596 1622 805 1659 cognoscenda
821 1621 922 1653 verbis
934 1620 1130 1662 ancipitibus.
1177 1620 1353 1651 Debueram
1367 1619 1524 1651 observare
1538 1626 1628 1662 parte

170 1661 274 1702 aliqua
288 1663 360 1698 teli,
370 1663 469 1702 quatis
483 1666 562 1693 esset
578 1666 698 1699 tentus,
715 1673 751 1694 ne
764 1673 823 1694 non
836 1671 1012 1704 sequeretur
1025 1664 1229 1694 discedentem
1237 1673 1250 1699 ;
1271 1666 1362 1702 atque
1375 1663 1422 1693 ire
1436 1666 1520 1695 certo
1533 1666 1627 1704 mari,

170 1713 239 1743 quoe
253 1714 331 1735 nunc
346 1705 470 1743 impleri
483 1706 550 1735 vela
566 1715 625 1735 non
638 1706 834 1744 precentoris
848 1706 960 1737 centis.
1006 1706 1181 1736 Abstrahor
1192 1715 1265 1744 ergo
1278 1705 1311 1736 in
1325 1708 1440 1741 cautes,
1453 1709 1546 1745 atque
1557 1708 1627 1737 sub-

172 1754 269 1776 mersa
293 1746 403 1776 obruor
428 1750 492 1776 toto
516 1746 619 1782 mart]
650 1757 744 1787 neque
770 1757 837 1778 mea
861 1748 989 1779 carbasa
1013 1748 1125 1778 habent
1148 1747 1275 1778 reditus.
1322 1747 1406 1782 Quid
1428 1749 1506 1786 quod
1530 1749 1627 1779 etiam

171 1787 363 1818 abates-rebar
383 1787 494 1826 farere
510 1798 574 1819 meo
597 1789 695 1819 amori
719 1789 903 1821 indubitatis
927 1790 1103 1830 pra’sagiis,
1130 1793 1195 1820 tum
1210 1799 1279 1819 cum
1303 1789 1422 1819 tabellae
1445 1790 1626 1821 exciderunt

172 1830 248 1860 mihi
264 1830 431 1871 imperanti
446 1840 504 1861 eas
519 1830 651 1869 deferre,
677 1834 706 1862 ct
724 1831 869 1869 fecerunt
891 1842 960 1873 spes
984 1836 1106 1863 nostras
1131 1829 1265 1862 inanes?
1295 1831 1409 1862 Annon
1425 1832 1472 1862 vel
1489 1832 1543 1862 ina
1559 1833 1625 1864 dies

171 1874 330 1910 tranctanda,
346 1874 391 1903 tel
405 1883 492 1903 omne
507 1877 621 1910 totum,
646 1875 698 1904 sed
711 1874 816 1913 potius
829 1875 895 1906 dies
910 1872 1082 1906 mutanda?
1126 1874 1212 1905 Deus
1227 1874 1290 1914 ipse
1312 1873 1504 1910 hortabatur,
1532 1878 1626 1915 atque

168 1914 323 1954 praebebat
330 1915 402 1955 fida
416 1915 552 1951 indu-ia,-
575 1915 635 1946 nisi
648 1915 781 1953 fuissem
798 1927 911 1948 uecors.
958 1918 999 1948 Et
1017 1920 1120 1948 tamen
1136 1917 1203 1956 ipsa
1226 1916 1387 1947 debueram
1411 1916 1503 1956 loqui,
1529 1927 1626 1957 neque

168 1967 217 1989 me
231 1959 353 1988 credere
368 1957 500 1994 tabellis,
525 1962 616 1997 atque
628 1967 764 1998 presens
788 1959 926 1991 indicare
940 1968 1022 1991 meos
1036 1969 1165 1990 amores.
1215 1959 1347 1988 Vidisset
1364 1958 1473 1999 fletus,
1496 1959 1622 1991 chii-sset

161 1998 279 2036 faciem
294 2000 436 2030 amantis.
481 2000 629 2030 Poteram
654 2001 744 2040 plura
757 2001 870 2041 dicere,
893 2012 986 2041 quam
1000 2011 1068 2042 quoe
1084 2001 1204 2032 tabella·
1218 2001 1402 2031 habuerunt.
1446 2001 1543 2032 Potui
1558 2011 1623 2032 am-

168 2041 260 2082 plecti
275 2041 383 2072 cauum
406 2041 537 2072 inritum
559 2042 705 2082 brachiis,
730 2046 822 2082 arque
843 2044 1097 2084 comprehendere
1117 2044 1220 2083 pedes,
1244 2047 1336 2083 atque
1358 2043 1497 2083 prqiecta
1516 2047 1623 2084 petere

764 2134 997 2147 eeeeeeeeeee

167 2199 245 2239 quod
268 2207 361 2239 φακες
385 2196 474 2229 nnde
491 2197 608 2229 Heius.
624 2208 704 2238 quo:
736 2198 870 2230 Thuan.
897 2202 1072 2231 cun—587
1097 2200 1225 2232 Mureti
1251 2199 1340 2231 liber
1364 2202 1496 2230 sentent.
1522 2200 1624 2237 ceris,·

169 2242 270 2272 Cant.
302 2245 338 2271 et
360 2239 427 2270 dno
457 2240 514 2270 alii
538 2240 755 2272 urbia—590
788 2241 940 2273 Berolin.
965 2246 1207 2283 totoque.—592
1229 2243 1331 2282 ang.
1359 2242 1452 2273 Nunc
1468 2242 1561 2280 seror
1588 2243 1622 2273 in

166 2293 247 2323 ncop.
277 2282 373 2313 multi
401 2286 482 2314 vett.
515 2287 628 2314 autem
659 2283 803 2321 Auferor.
834 2283 1055 2325 Submersaque
1078 2296 1139 2326 pro
1169 2286 1257 2326 vulg.
1282 2285 1486 2325 subt-ermque
1499 2284 1623 2325 probat

166 2326 286 2358 Heius.
303 2324 360 2366 qui
376 2325 478 2356 etiam
496 2325 584 2365 conj.
600 2328 680 2355 moto
696 2335 756 2366 pro
773 2329 955 2359 torm—593
969 2328 1068 2359 Cant.
1086 2330 1143 2360 vel.
1161 2330 1435 2360 recursum—594
1459 2327 1620 2359 Heidelb.

167 2368 245 2409 quod
272 2367 310 2398 ab
337 2367 536 2398 oraim—⁵95
573 2366 678 2399 Gron.
704 2379 772 2399 cum
799 2369 939 2409 perferre
955 2370 1135 2409 joaa—597
1168 2371 1316 2402 Berolin.
1341 2374 1398 2401 tot.
1424 2370 1621 2401 voluntas.—

166 2413 229 2442 599
252 2410 306 2442 Fr.
323 2410 402 2441 Bas.
415 2415 448 2441 et
464 2409 557 2441 Med.
575 2409 708 2451 Signaq.
722 2420 818 2448 cara;
856 2412 912 2443 alii
931 2414 1085 2454 Certaque
1098 2414 1181 2453 sign.
1199 2413 1318 2444 Heins.
1335 2412 1472 2444 volebat
1489 2413 1533 2444 Et
1549 2416 1620 2442 rata

167 2452 257 2492 signa
279 2453 459 2484 auth—600
484 2451 644 2483 Heidelb.
668 2462 728 2484 non
751 2462 812 2493 pro
837 2458 1012 2487 nea—602
1038 2455 1076 2486 In
1095 2456 1243 2488 Berolin.
1262 2461 1297 2486 et
1319 2455 1518 2497 quibusdam
1541 2455 1616 2486 aliis

166 2495 285 2526 tultum
309 2496 372 2527 tid.
404 2494 526 2526 Heins.
552 2501 724 2535 praeterea
753 2496 888 2528 volebat
911 2497 971 2529 tid.
986 2502 1139 2539 amantes,
1167 2500 1222 2530 vel
1250 2500 1617 2530 vultum...amantem.—

817 2602 958 2637 NOTAE

212 2676 274 2704 592
287 2673 436 2715 Auferor]
451 2675 587 2707 Prolixe
599 2676 731 2708 lascivit
743 2677 864 2719 Poeta,
917 2680 1054 2723 ingenio
1067 2677 1364 2712 accommodatam.

171 2723 344 2756 materian
368 2733 549 2767 sequacem
575 2731 709 2768 nactus,
737 2731 774 2760 et
802 2737 863 2760 suo
