1831 3023
196 213 309 255 1328
681 222 723 252 r.
757 219 912 253 ovim-1
945 219 1158 251 NAsoms

200 320 381 365 Detulit,
402 322 445 360 et
463 317 632 367 minuit,
653 330 879 370 parvoque
896 315 1092 358 admovit
1109 313 1236 354 aeno.
1560 311 1644 351 645

199 387 419 441 Quodque
441 399 544 427 suus
567 386 731 438 conjux
750 386 871 437 riguo
893 384 1132 435 collegerat
1151 381 1293 427 horto,

197 454 394 494 Truncat
416 453 511 493 olus
530 451 665 492 soliis.
727 450 872 490 Furca
891 450 1009 490 levat
1028 449 1101 489 ille
1120 446 1291 488 bicorni

147 536 159 549 -“
201 520 394 561 Sordida
414 524 532 571 terga
553 518 662 565 suis,
681 517 800 568 nigro
820 515 1050 568 pendentia
1071 517 1213 567 tigno:

199 588 473 638 Servatoque
496 584 571 623 diu
592 585 762 623 resecat
783 580 836 621 de
856 585 1022 633 tergore
1042 584 1209 634 partein

198 654 416 705 Exiguam
434 665 444 701 3
478 653 728 701 sectamque
747 648 895 689 domat
915 648 1179 690 ferventibus
1201 646 1345 688 undis.

200 720 372 761 Interea
389 716 559 757 medias
579 715 731 754 fallunt
752 715 1021 755 sermonibus
1040 715 1197 755 horas:

199 785 445 837 sentirique
466 793 634 822 moram
650 780 894 833 prohibent.
959 781 1060 822 Erat
1080 782 1231 822 alveus
1251 780 1342 821 iilic

199 853 432 905 Fagineus,
454 861 587 890 curva
608 847 735 888 clavo
755 861 991 900 suspensus
1012 849 1066 888 ab
1087 861 1217 888 ansa:

202 920 249 959 Is
268 917 431 971 tepidis
450 914 655 968 impletur
675 914 825 966 aquis;
857 917 1059 967 artusque
1080 914 1289 955 fovendos

199 984 395 1038 Accipit.
456 968 509 1023 fii
528 980 675 1022 medio
695 984 816 1021 torus
837 985 906 1021 est
924 980 977 1020 de
994 980 1199 1022 molli-bus
1220 980 1335 1020 ulvis

199 1051 442 1106 Impositus
461 1049 590 1098 lecto,
611 1047 782 1101 sponda
801 1047 1079 1101 pedibusque
1101 1048 1293 1101 salignis.

198 1117 411 1160 Vestibus
430 1115 545 1156 hunc
565 1115 726 1163 velant,
748 1126 855 1167 quas
875 1126 961 1153 non
982 1114 1069 1154 nisi
1090 1118 1282 1167 tempore
1303 1114 1412 1154 festo

199 1187 398 1227 Sternere
420 1184 705 1224 consuerant:
736 1180 813 1221 sed
833 1183 876 1220 et
895 1180 992 1221 haec
1015 1180 1202 1234 vilisque
1223 1184 1432 1234 vetusque

197 1252 348 1294 Vestis
369 1255 475 1300 erat,
494 1250 612 1290 lecto
632 1261 716 1288 non
737 1247 1004 1300 indignanda
1021 1248 1203 1300 saligno.

159 1337 164 1350 ¹
198 1319 456 1362 Accubuere
479 1317 582 1358 Dei.
642 1316 843 1358 Mensam
861 1315 1086 1357 succincta
1105 1320 1377 1370 tremensque

1563 645 1647 686 650

1562 980 1647 1021 055

1563 1315 1648 1358 660

197 1448 311 1488 exiguo
324 1446 453 1483 cacabo;
476 1448 506 1476 et
522 1443 654 1475 concidit
673 1444 756 1474 olera
771 1453 839 1483 quae
864 1451 935 1473 suus
961 1441 1073 1482 conjnx
1097 1443 1261 1482 collegerat
1287 1441 1318 1472 in
1341 1442 1428 1474 horto
1443 1442 1542 1481 riguo.
1588 1444 1649 1475 Ille

197 1491 312 1531 deripit
319 1489 415 1528 furca
430 1488 546 1519 bicorni
561 1486 666 1526 turpia
680 1488 768 1523 terga
782 1486 870 1525 porci
890 1486 1058 1525 pendentia
1073 1486 1159 1516 trabe
1167 1485 1293 1522 fumida
1304 1495 1316 1521 ;
1338 1489 1429 1525 atque
1444 1485 1594 1516 abscindit
1609 1487 1648 1517 (Ie

199 1538 286 1572 tergo
301 1532 356 1563 diu
369 1534 490 1562 servato
512 1539 639 1570 parvam
649 1531 770 1568 partem
782 1538 793 1564 ;
816 1531 846 1558 et
863 1527 961 1558 mollit
986 1527 1151 1559 adscissam
1165 1528 1253 1567 aquis
1268 1527 1474 1558 bullientibus.
1520 1529 1648 1560 Interea

197 1576 325 1606 toedz'um
338 1574 447 1605 tollunt
463 1571 609 1611 tem-poris
622 1570 781 1608 interjecti
793 1570 950 1609 colloquio,
961 1572 991 1600 et
999 1569 1127 1607 faciunt
1141 1579 1178 1600 ne
1190 1570 1343 1600 cunctatio
1358 1571 1483 1600 molesta
1497 1570 1552 1600 sit.
1597 1571 1648 1601 Ibi

197 1621 265 1648 erat
280 1620 383 1648 crater
397 1615 548 1654 fagineus
561 1622 722 1653 suspensus
736 1613 819 1643 clavo
835 1612 872 1642 ab
888 1622 963 1643 ansa
977 1622 1088 1643 curva:
1110 1612 1139 1643 is
1154 1612 1296 1651 impletur
1311 1612 1399 1651 aquis
1413 1611 1535 1651 calidis,
1557 1616 1647 1652 atque

196 1659 310 1700 accipit
324 1659 458 1689 membra
473 1657 611 1687 lavanda.
658 1655 698 1684 In
715 1655 814 1684 medio
828 1658 896 1684 erat
911 1658 996 1684 torus
1009 1655 1045 1684 de
1061 1655 1152 1685 lentis
1165 1654 1245 1684 ulvis
1259 1654 1418 1693 impositus
1430 1654 1519 1691 lecto,
1533 1655 1649 1694 sponda

197 1706 229 1733 et
241 1701 367 1742 pedibus
382 1698 524 1737 salignis.
570 1697 664 1727 Hunc
678 1699 821 1726 sternunt
835 1699 950 1735 tapete,
970 1706 1058 1735 quem
1072 1706 1132 1726 non
1146 1695 1208 1726 nisi
1222 1695 1448 1735 temporefesto
1461 1696 1545 1726 soliti
1560 1700 1648 1729 erant

197 1746 370 1784 depromere
382 1752 390 1772 ε
413 1742 467 1772 sed
482 1743 512 1771 et
527 1739 579 1770 ille
594 1742 680 1778 tapes
693 1742 723 1768 et
747 1737 818 1769 vilis
842 1741 871 1767 et
897 1741 983 1768 vetus
1008 1741 1088 1777 erat,
1111 1747 1171 1768 non
1195 1738 1412 1768 erubescendus
1426 1739 1500 1768 lecto
1515 1737 1649 1776 saligno.

198 1787 258 1818 Dii
271 1784 488 1817 accubuerunt.
533 1782 622 1813 Anus
635 1780 773 1811 accincta
786 1783 815 1811 et
840 1783 974 1812 tremens
997 1782 1137 1811 admovet
1153 1789 1288 1811 mensam
1300 1790 1311 1816 ;
1332 1789 1437 1811 verum
1459 1790 1512 1820 pes
1536 1780 1649 1812 tertius

1018 1859 1037 1875 ὁ

196 1926 366 1966 Bernegg.
387 1921 657 1965 produxit.—647
681 1919 723 1951 V.
738 1920 796 1950 lev.
810 1919 905 1950 inde.-
929 1918 1014 1949 alius
1040 1920 1084 1949 V.
1112 1922 1148 1950 et
1173 1918 1353 1958 Capranic.
1377 1919 1443 1957 illa,
1460 1918 1548 1959 quod
1570 1918 1649 1950 arri·

196 1968 303 1999 debat
319 1967 546 1999 Heins.——-G4S
569 1962 744 1995 Gebhard.
762 1961 921 1992 malebat
951 1961 1081 1992 Torrida
1101 1965 1183 2000 terg.
1201 1961 1222 1991 i.
1250 1970 1279 1991 e.
1295 1960 1387 1991 fumo
1403 1961 1546 1998 siccata3
1571 1971 1648 1992 nam

195 2009 230 2040 in
257 2020 322 2041 uno
340 2009 414 2040 Pal.
432 2012 505 2039 erat
533 2006 686 2037 Horrida.
715 2004 809 2035 Leid.
833 2014 917 2034 nnus
941 2013 1056 2034 summo
1079 2005 1277 2043 pen‹l.—-G50
1301 2002 1442 2033 Bothius
1467 2012 1529 2041 pro
1548 2002 1647 2041 Exig.

196 2052 286 2091 conj.
304 2051 579 2082 Rammium—651
606 2048 721 2077 Burin.
739 2046 854 2077 mallet
879 2046 980 2076 Inter.
1006 2046 1235 2076 mediis.—652
1258 2045 1384 2082 Magna
1401 2053 1478 2083 pars
1506 2043 1649 2084 scripto·

194 2103 269 2125 rum
286 2094 330 2124 Et
345 2093 459 2124 sentire
472 2101 545 2121 mor.
558 2094 702 2130 quatuor
714 2092 744 2118 et
759 2086 1119 2124 sentirefamem.—653
1135 2087 1238 2117 Curva
1250 2091 1301 2116 est
1320 2096 1362 2116 ex
1383 2086 1497 2116 Heius.
1513 2087 1647 2117 emend.

195 2136 288 2175 vulg.
304 2136 499 2165 durch—656
524 2132 683 2171 Plerique
713 2135 796 2160 vett.
831 2129 1005 2169 Impositis:
1037 2134 1072 2159 et
1096 2127 1219 2159 deinde
1242 2128 1366 2167 Regius
1385 2138 1445 2166 pro
1462 2129 1538 2158 lecto
1554 2128 1646 2168 conj.

194 2180 284 2209 tecto.
309 2177 393 2207 Post
405 2176 437 2205 h.
456 2185 503 2205 vs,
525 2174 622 2204 multi
639 2173 786 2202 inserunt
806 2171 1048 2210 concutiuntque
1075 2170 1144 2209 [vel
1164 2172 1400 2209 Consternuntq.
1419 2170 1648 2212 Constituitntq.

193 2221 249 2251 vel
267 2217 489 2260 Conficiuntq]
505 2219 605 2246 tor-um
619 2216 655 2244 de
666 2212 899 2253 rnolliflaniinis
913 2214 1002 2244 unda.
1021 2213 1064 2243 N.
1082 2218 1116 2243 et
1132 2213 1180 2243 Fi.
1196 2213 1230 2242 S.
1248 2213 1357 2242 Marci
1374 2218 1442 2242 tres
1455 2217 1647 2252 quatuorve

194 2272 312 2293 versus
339 2268 528 2300 superiores
557 2266 654 2287 manu
685 2255 866 2286 recentiori
898 2256 1063 2294 ascriptos
1090 2254 1528 2293 man-giniexhibent.—659
1551 2255 1646 2286 Unus

197 2304 342 2344 Ciofani,
358 2304 506 2343 Capran.
529 2301 571 2332 V.
588 2300 687 2331 Cant.
704 2307 773 2329 sec.
787 2302 825 2328 et
841 2301 919 2328 tert.
937 2297 1010 2329 Pal.
1027 2302 1063 2328 et
1077 2297 1197 2328 decem
1213 2297 1269 2327 alii
1283 2297 1355 2328 leet.
1375 2297 1427 2327 sed
1447 2306 1506 2328 non
1518 2296 1647 2337 indigna

853 2392 994 2424 NOTAE

237 2474 299 2503 645
324 2470 485 2511 Admovit]
509 2469 630 2501 Annon
642 2478 683 2501 ea
691 2472 772 2501 eui-a
784 2472 893 2500 mores

197 2527 370 2563 totamque
381 2522 524 2553 aniculae
539 2521 703 2552 rationem
718 2520 762 2551 ob
779 2521 893 2551 oculos

193 2572 291 2613 ponit
312 2571 433 2610 Poeta,
448 2577 485 2603 ut
500 2573 606 2612 ipsam
624 2580 737 2602 coram
754 2580 893 2601 cernere

195 2622 364 2654 videaris?
396 2621 480 2652 Ideo
497 2627 608 2652 autem
621 2621 653 2651 in
671 2630 706 2651 re
717 2626 785 2651 tam
801 2620 893 2651 facili

195 2672 320 2713 pedem
336 2673 432 2709 sisto,
448 2677 486 2702 ut
503 2671 645 2702 tironem
668 2680 711 2700 ex
728 2670 894 2711 ejusmodi

195 2720 483 2760 descriptionibus
493 2729 605 2760 parem
622 2719 683 2750 sibi
698 2720 732 2750 in
745 2720 894 2751 scriben-

195 2770 238 2802 do
261 2780 319 2801 seu
343 2769 513 2812 loquendo
537 2778 733 2811 comparare
755 2769 896 2813 diligen-

948 2469 1028 2502 tiam
1044 2476 1079 2502 et
1095 2471 1299 2512 elegantiam
1315 2469 1484 2501 adhorter.

988 2523 1049 2551 651
1089 2519 1227 2559 Medias]
1273 2520 1393 2550 Donec
1419 2517 1583 2549 fumosum
1609 2521 1647 2549 et

947 2571 1066 2600 durum
1093 2569 1223 2600 lardum
1255 2569 1417 2599 domitum
1443 2572 1482 2599 et
1511 2571 1647 2599 coetum

948 2626 1049 2651 esset.

989 2673 1052 2700 654
1078 2669 1250 2709 Fovendos]
1278 2669 1390 2699 Sacris
1403 2668 1504 2700 etiam
1519 2667 1646 2699 Literis

948 2719 1203 2751 commendatus
1240 2719 1436 2749 utilissimus
1471 2718 1529 2749 ille
1566 2725 1649 2757 nioS,

947 2770 1116 2811 hospitum
1133 2769 1238 2810 pedes
1253 2769 1378 2800 lavare.
1643 2768 1646 2773 '
