1831 3023
523 203 556 232 M
567 187 994 232 ETAMOR'PHOSEON
1030 199 1125 229 Lm.
1159 200 1208 230 x.
1482 191 1596 234 1433

143 295 331 348 Felices,
354 296 511 351 quibus
536 294 624 334 ista
641 293 799 334 licent!
830 293 1017 334 humana
1038 293 1254 346 malignas

141 364 258 406 Cura
278 363 395 404 dedit
413 363 553 414 leges:
583 364 627 401 et
647 359 766 413 quod
791 359 966 402 Natura
984 361 1180 410 remittit,
1512 359 1597 403 330

141 430 298 472 Invida
311 432 411 485 jura
426 426 602 481 negant.
661 427 824 469 Gentes
847 433 991 470 tamen
1012 442 1111 470 esse
1131 428 1336 480 feruntur,

143 499 197 539 In
221 500 380 552 quibus
402 503 444 538 et
458 501 562 538 nato
584 496 783 549 genitrix,
805 499 848 537 et
868 502 976 537 nata
996 498 1168 550 parenti

140 565 170 606 J
174 567 369 620 ungitur3
399 570 443 605 et
464 565 606 619 pietas
626 564 844 617 geminato
866 565 1028 605 crescit
1049 577 1211 606 amore.

143 631 221 674 Me
241 634 462 683 miseram,
483 633 603 687 quod
623 645 709 672 non
731 632 857 672 nasci
878 631 984 672 mihi
1005 632 1187 684 contigit
1205 632 1312 682 illic,

144 701 416 754 Fortunaque
435 701 523 741 loci
543 700 682 742 laedor
700 700 708 740 !
769 698 888 749 Quid
910 700 953 739 in
973 700 1060 740 ista
1079 699 1314 740 revolvorw.
1515 697 1603 741 335

143 768 254 822 Spes
275 767 532 818 interdictae,
553 766 786 808 discedite.
849 766 1021 820 Dignus
1043 768 1182 808 amari

143 834 239 884 Ille,
262 834 338 876 sed
360 839 407 876 ut
426 840 563 890 pater,
585 839 666 876 est.
728 835 844 888 Ergo
864 836 901 875 si
922 835 1012 875 filia
1033 835 1176 887 magni

144 901 251 944 Non
266 916 408 944 essem
431 903 604 958 Cinyrae
622 918 633 955 ;
665 902 843 957 Cinyrae
864 903 1148 944 concumbere
1170 915 1362 955 possem.

144 968 275 1011 Nunc
292 972 398 1024 quia
419 976 511 1012 tam
534 984 654 1011 meus
675 975 757 1020 est,
773 983 861 1011 non
881 975 948 1011 est
964 982 1117 1021 meus3
1149 970 1333 1024 ipsaque
1354 969 1517 1011 damno

144 1037 229 1078 Est
248 1038 353 1079 mihi
374 1039 651 1092 proximitas.
711 1036 869 1079 Aliena
890 1038 1110 1091 potentior
1128 1050 1288 1078 essem.
1518 1036 1605 1079 340

145 1104 214 1146 Ire
234 1105 337 1146 libet
355 1106 508 1159 procul
528 1106 642 1155 hinc,
664 1107 919 1160 patriosque
940 1104 1182 1157 relinquere
1202 1103 1327 1155 fines,

148 1171 264 1213 Dum
283 1173 427 1213 scelus
449 1173 672 1226 effugiam.
734 1172 912 1213 Retinet
932 1172 1075 1213 malus
1093 1184 1210 1213 error
1231 1175 1473 1224 amantem3

147 1238 210 1280 Ut
231 1253 430 1293 praescns
452 1245 650 1293 spectem
668 1239 876 1293 Cinyran,
899 1243 1177 1291 tangamque,
1198 1239 1462 1292 loquarque,

148 1305 404 1361 Osculaque
427 1308 701 1357 admoveam,
722 1308 760 1347 si
779 1307 841 1346 nil
863 1305 1118 1346 conceditur
1136 1305 1264 1345 ultra.

148 1372 274 1414 Ultra
295 1379 442 1415 autem
463 1387 641 1427 sperare
660 1372 828 1426 aliquid
849 1375 991 1425 potes,
1011 1370 1151 1424 impia
1171 1371 1323 1423 virgo?
1526 1371 1611 1413 345

146 1548 200 1580 lma
215 1548 277 1581 istu
289 1553 362 1580 sunt
376 1559 516 1581 concessa
528 1549 543 1581 Ι
587 1548 758 1580 Soliciludo
797 1548 931 1578 humana
952 1547 1072 1578 int-exit
1090 1548 1174 1586 leges
1186 1555 1367 1587 perversas.-
1390 1549 1420 1578 et
1426 1545 1504 1585 jura
1517 1547 1614 1578 livida

149 1596 289 1623 remant
316 1594 396 1633 quod
423 1597 536 1624 natura
560 1592 708 1622 concedit.
754 1591 912 1622 Dicuntur
928 1594 1030 1621 tamen
1047 1600 1110 1621 esse
1125 1590 1265 1620 nationes
1277 1589 1360 1620 inter
1375 1599 1449 1630 quas
1462 1593 1491 1620 et
1514 1593 1615 1621 mater

147 1644 213 1666 rem
226 1635 316 1666 habet
342 1645 409 1666 cum
422 1635 509 1676 filio,
535 1638 564 1666 el
582 1635 658 1675 filiu
680 1643 748 1664 cum
762 1637 850 1672 putre
862 1643 873 1669 ,·
896 1636 986 1672 alque
999 1633 1100 1672 pietas
1113 1636 1246 1671 augetur
1267 1632 1383 1672 duplici
1399 1642 1512 1663 umore.
1559 1633 1616 1664 Me

149 1677 314 1716 infelicem,
327 1679 404 1717 quod
422 1678 497 1708 milui
513 1687 573 1707 non
587 1677 708 1708 obvenit
735 1676 800 1706 illic
813 1675 917 1714 gigni,
933 1678 1024 1714 atque
1039 1674 1220 1711 male-mihi
1236 1677 1282 1705 est
1297 1678 1379 1705 sorte
1394 1675 1476 1705 loci!
1498 1674 1616 1709 Quam-

150 1718 253 1749 obrem
264 1729 300 1750 εει
314 1719 442 1758 cogito?
489 1719 567 1759 Spes
589 1719 766 1759 prohibitae‚
792 1717 899 1757 procul
923 1716 1015 1748 abite.
1062 1717 1119 1747 Ille
1149 1720 1194 1747 ese
1220 1717 1334 1756 dignus
1358 1717 1462 1756 diligi,
1476 1717 1528 1747 sed
1548 1720 1616 1748 tan-

150 1771 240 1802 quam
253 1762 388 1801 genitor.
434 1763 578 1802 Adeoque
598 1761 659 1792 nisi
674 1770 768 1792 essem
784 1763 858 1790 nuta
874 1759 980 1799 magni
998 1759 1138 1800 Cinyrae,
1155 1758 1374 1799 possemJ'ungi
1390 1768 1457 1789 cum
1485 1759 1617 1800 Cinyra.

153 1804 245 1835 Nunc
273 1804 345 1845 quia
374 1808 437 1835 lam
464 1806 504 1835 ud
536 1814 581 1835 me
603 1807 736 1844 spectat,
759 1804 799 1833 ad
831 1812 878 1833 me
900 1812 959 1832 non
981 1805 1123 1843 spectat:
1144 1805 1237 1841 aeque
1260 1802 1326 1841 ipsu
1342 1801 1556 1842 propinquitas
1571 1805 1618 1834 est

153 1846 228 1877 milti
243 1847 412 1887 dispendio.
459 1848 568 1878 Essem
584 1847 717 1877 calidior
728 1846 755 1876 si
771 1854 864 1875 essem
880 1844 993 1875 aliena.
1042 1844 1119 1875 Fert
1135 1845 1256 1875 unimus
1268 1844 1338 1874 hinc
1350 1845 1438 1884 longe
1454 1844 1619 1885 discedere,

151 1893 244 1930 atque
259 1889 489 1931 desererefines
502 1889 633 1930 patrios,
660 1890 753 1919 donec
778 1888 871 1918 vilem
886 1886 985 1925 nefas.
1031 1887 1137 1918 Prata
1163 1888 1287 1917 resania
1314 1887 1428 1918 retinet
1453 1890 1620 1926 amantem,

152 1936 186 1962 ut
208 1935 315 1962 astans
340 1933 461 1963 rideam
489 1933 654 1972 Cinyram,
672 1935 701 1962 et
726 1934 866 1969 tangam,
883 1933 911 1960 el
927 1930 1092 1970 colloquar,
1115 1933 1146 1960 et
1168 1929 1329 1960 adhibeam
1351 1930 1469 1968 suavia,
1491 1929 1518 1960 si
1542 1929 1620 1960 nihil

148 1977 300 2015 proetereu
313 1974 519 2015 permittitur.
566 1975 662 2005 Potes
676 1977 779 2004 aulem
803 1982 928 2013 sperare
945 1972 1064 2013 aliquid
1086 1972 1184 2012 uliud,
1198 1972 1301 2012 puella
1315 1972 1468 2005 scelesta?
1513 1972 1619 2013 Neque

768 2077 1001 2089 eemvmaee

160 2157 246 2190 eod.
263 2157 412 2189 Ger-mine
436 2167 516 2189 conc.
540 2156 691 2188 Berolin.
717 2165 756 2187 ex
773 2156 859 2196 ipso.-
882 2155 927 2186 N.
955 2164 1007 2196 pr.
1023 2159 1060 2186 et
1089 2158 1170 2186 tert.
1194 2153 1289 2185 Med.
1311 2158 1345 2186 et
1374 2153 1430 2184 alii
1447 2154 1620 2185 illm—333

156 2200 301 2231 Plurimi
320 2205 403 2231 vett.
420 2200 622 2237 et...crescit‚·
645 2199 735 2240 vulg.
762 2201 972 2230 ut...crescae:
996 2198 1081 2229 Cod.
1099 2207 1119 2228 a
1143 2197 1312 2238 Mariang.
1340 2196 1479 2228 Accurs.
1496 2196 1621 2228 citatus

153 2244 233 2284 piel.
247 2244 371 2282 gemino
387 2246 558 2274 concrescat
583 2243 807 2273 amora—339
831 2241 1056 2281 Langerman.
1086 2243 1151 2271 tam
1168 2250 1178 2276 ,·
1203 2244 1238 2271 et
1262 2239 1310 2271 ita
1329 2239 1448 2271 Heius.
1466 2248 1623 2271 correxe-

157 2291 231 2324 rat;
256 2286 538 2326 vulg.jam.—-³41
565 2284 650 2316 Cod.
667 2283 835 2324 Naugerii
854 2293 930 2315 cum
948 2284 1078 2314 Bonon.
1094 2284 1293 2323 patriosqum
1317 2283 1425 2313 ceteri
1439 2282 1622 2322 patriaque.

158 2331 264 2359 —842
280 2328 348 2359 Alii
360 2328 458 2359 malus
470 2328 563 2358 ardor
574 2338 584 2358 .·
609 2326 728 2358 Heius.
744 2336 832 2358 corr.
848 2336 936 2358 error
952 2335 997 2357 ex
1012 2325 1122 2358 Codd.
1136 2326 1188 2356 Ex
1205 2325 1406 2367 quibusdam
1422 2325 1527 2356 etiam
1544 2324 1624 2355 mal·

158 2371 206 2404 let
222 2375 343 2403 euntem
360 2380 421 2413 pro
439 2372 714 2402 amantem—³45
740 2369 832 2401 Mor.
863 2368 959 2401 Med.
987 2372 1023 2400 et
1044 2372 1122 2400 octo
1139 2368 1195 2399 alii
1223 2372 1286 2400 aut.
1302 2371 1442 2409 spectare
1454 2378 1465 2405 ‚·
1488 2367 1622 2399 vivian.

821 2498 965 2532 NOTAE

162 2601 281 2634 ncoenis
302 2600 469 2632 amoribus
497 2600 663 2642 indulget,
688 2604 725 2631 ut
750 2601 866 2642 nequi·
920 2602 1102 2644 AEthiopioe
1128 2609 1210 2643 gens
1238 2599 1323 2638 sera,
1341 2598 1383 2629 ad
1410 2597 1518 2628 sinum
1541 2596 1627 2628 Ara.

164 2653 241 2683 Λυσι
260 2651 432 2682 brutorum
455 2655 611 2682 naturam
639 2650 779 2683 induere
803 2651 867 2683 sibi
921 2654 1048 2686 hicum.

167 2709 266 2743 turpe
282 2706 432 2743 reputet.
965 2708 1028 2736 339
1051 2700 1157 2741 Meus]
1181 2701 1286 2730 Pater
1302 2706 1436 2737 nempe.

209 2756 266 2786 331
291 2752 423 2794 Gentes]
446 2752 486 2784 In
503 2751 623 2795 quibus
637 2751 869 2794 Troglodytae,
967 2755 1073 2796 Meus]
1096 2748 1395 2792 Conjux,scilicet.
