1831 3023
183 189 297 232 13:30
668 197 707 227 Ρ.
743 195 902 226 oviou
935 193 1147 229 NASONIS

187 296 393 349 Dantque
411 294 558 335 locum
572 291 732 333 mensis
752 291 933 345 paulum
953 290 1137 331 seducta
1156 287 1374 330 secundis.

188 363 280 404 Hic
298 376 403 412 nUX,
424 362 494 402 hic
515 361 656 402 mixta
674 363 740 400 est
759 360 928 411 rugosis
950 359 1098 400 carica
1117 357 1292 411 palmis,

187 430 436 483 Prunaque,
458 429 561 470 etin
579 428 744 481 patulis
765 427 1012 467 redolentia
1029 426 1146 466 mala
1166 423 1383 472 canistris,
1545 422 1632 463 675

188 496 245 539 Et
264 497 317 537 de
335 496 562 550 purpureis
583 493 782 533 collectae
805 492 967 532 vitibus
986 505 1099 533 uvae.

128 584 132 586 *
188 563 413 605 Candidus
434 564 476 602 in
496 559 641 600 medio
662 559 788 598 savus
811 562 890 600 est.
951 558 1090 612 Super
1110 559 1256 599 omnia
1275 557 1418 599 vultus

188 630 428 671 Accessere
448 627 582 667 boni:
612 638 695 666 nec
715 625 833 666 iners
855 639 1112 680 pauperque
1134 626 1346 666 voluntas.

147 683 150 686 Α
188 697 372 744 Interea,
394 693 565 747 quoties
587 693 791 733 haustum
812 696 979 734 cratera
998 693 1152 747 repleri

190 763 352 815 Sponte
374 773 471 808 sua,
492 772 571 813 per
593 771 725 812 seque
745 759 896 800 vident
915 773 1189 801 succrescere
1206 759 1323 808 vina,
1550 754 1637 797 680

188 829 373 870 Attoniti
393 827 585 868 novitate
604 829 777 878 pavent,
796 827 1082 880 manibusque
1102 826 1268 879 supinis

187 895 450 948 Concipiunt
469 892 721 945 Baucisque
739 905 906 946 preces,
925 893 1189 945 timidusque
1209 892 1463 932 Philemon:

189 962 246 1002 Et
265 962 437 1003 veniam
458 959 668 1013 dapibus,
689 959 910 1012 nullisque
927 960 1149 1013 paratibus
1169 963 1307 1000 orant.

189 1028 357 1075 Unicus
381 1040 506 1068 anser
527 1031 635 1076 erat,
658 1027 849 1067 minimae
868 1027 1069 1068 custodia
1089 1026 1208 1068 villae
1226 1040 1236 1067 z

190 1095 331 1144 Quem
355 1095 437 1135 Dis
458 1094 703 1147 hospitibus
725 1094 885 1135 domini
905 1099 1096 1135 mactare
1113 1093 1352 1147 parabant:
1553 1091 1638 1132 685

189 1162 267 1203 Ille
285 1162 398 1203 celer
419 1174 563 1215 penna
580 1161 726 1201 tardos
747 1164 878 1202 aetate
894 1160 1048 1213 fatigat
1064 1173 1074 1211 ;

186 1271 337 1307 proestant
347 1268 492 1299 bellariis.
511 1268 588 1299 Tum
601 1278 675 1306 nux,
690 1271 754 1298 tum
758 1268 841 1308 ficus
852 1268 948 1299 aridoe
950 1267 1073 1306 juncta>
1085 1270 1155 1298 sant
1168 1267 1344 1306 corrugatis
1354 1266 1498 1306 dactylis,
1508 1267 1639 1306 itemque

188 1321 287 1349 pruna
303 1315 333 1342 et
349 1313 429 1342 mala
437 1311 621 1350 fragrantia
636 1311 669 1341 in
684 1311 836 1351 corbibus,
861 1321 927 1342 cum
942 1313 1072 1341 racemis
1086 1310 1221 1341 collectis
1236 1320 1275 1341 ex
1290 1309 1392 1340 rubris
1409 1309 1530 1340 vitibus.
1575 1309 1640 1340 Fa-

188 1363 242 1383 ras
256 1354 341 1383 albus
357 1357 402 1383 est
419 1355 449 1383 in
463 1354 571 1383 medio.
617 1353 707 1383 Loeta
715 1353 816 1391 facies
829 1354 937 1384 addita
949 1357 995 1384 est
1007 1363 1097 1393 super
1109 1354 1222 1392 omnia,
1236 1356 1267 1383 et
1278 1353 1416 1383 voluntas
1429 1361 1524 1392 neque
1535 1351 1640 1390 segnis

188 1405 280 1435 neque
299 1405 406 1435 parca.
453 1396 577 1425 Interea
592 1405 659 1425 cum
682 1397 848 1426 advertunt
872 1405 995 1426 urceum
1018 1396 1132 1435 repleri
1152 1405 1208 1435 per
1229 1405 1261 1425 se
1284 1394 1400 1434 quoties
1423 1404 1534 1425 vacuas
1547 1396 1639 1432 esset,

188 1441 278 1477 atque
292 1439 373 1468 ultro
389 1438 459 1468 vinu
474 1438 596 1476 augeri,
620 1440 778 1476 stupentes
793 1439 929 1469 novitate
952 1438 1076 1474 timent,
1100 1442 1130 1468 et
1157 1438 1272 1468 Baucis
1287 1441 1317 1467 et
1332 1437 1462 1475 pat-idus
1478 1437 1638 1467 Philemon

188 1482 226 1510 ad
241 1489 344 1519 preces
358 1481 541 1518 confugiant
558 1480 698 1510 manibus
713 1480 744 1509 in
759 1481 864 1511 coelum
876 1480 1017 1516 sublatis,
1043 1483 1075 1510 et
1089 1480 1209 1510 reniam
1228 1480 1396 1518 implorant
1419 1479 1531 1518 epulis,
1545 1482 1638 1518 atque

189 1524 302 1561 exiguo
317 1524 491 1562 apparatui.
541 1522 656 1552 Unicus
670 1532 760 1552 anser
775 1526 856 1561 erat,
871 1527 972 1554 custos
986 1522 1142 1553 vilissima
1158 1522 1250 1559 villae,
1266 1531 1354 1561 quem
1369 1521 1485 1551 domini
1499 1521 1639 1552 volebant

188 1566 320 1596 occidere
337 1566 368 1595 in
381 1565 521 1604 gratiam
537 1565 674 1595 Deorum
689 1565 852 1605 hospitum.
897 1566 957 1596 Ille
973 1566 1059 1596 velox
1071 1564 1182 1605 pennis
1196 1564 1290 1595 lassat
1307 1564 1406 1594 lentos
1419 1563 1520 1603 annis,
1539 1566 1570 1594 et
1585 1563 1640 1594 diu

798 1648 892 1659 ‘ue-e
895 1648 1009 1659 ‘xe-‘ev‘
1013 1648 1029 1659 e

190 1690 310 1722 Heius.
333 1690 428 1720 dedit
455 1699 496 1720 ex
523 1689 736 1728 melioribus3
771 1692 862 1731 vulg.
898 1692 1095 1726 Quam—673
1120 1691 1187 1721 Hic
1211 1700 1258 1721 vs,
1283 1690 1495 1730 praecedenti
1512 1699 1641 1730 praepo-

189 1733 317 1762 nendus
335 1733 468 1763 videtur
489 1732 606 1763 Heius.
649 1732 775 1772 Sprotii
801 1737 836 1763 et
863 1733 927 1764 duo
955 1734 1012 1763 alii
1036 1734 1122 1773 paul.
1149 1733 1318 1767 subducat,-
1340 1732 1420 1764 Jun.
1442 1734 1642 1771 reparata.—

186 1776 247 1805 675
271 1775 420 1805 Berolin.
444 1774 623 1814 Primaque.
647 1775 696 1805 Fl.
711 1776 745 1806 S.
763 1775 873 1805 Marci
897 1779 964 1815 pat.
980 1777 1114 1806 volentia
1137 1776 1208 1805 mal.
1231 1784 1280 1815 pr.
1307 1773 1402 1805 Med.
1420 1779 1455 1805 et
1469 1784 1518 1813 pr.
1537 1774 1642 1805 Ham-

189 1816 285 1857 burg.
312 1826 387 1847 cum
410 1817 562 1855 Spirensi
585 1817 721 1854 olentia;
755 1817 839 1848 alius
863 1818 958 1849 Med.
981 1818 1137 1848 dolentia:
1171 1817 1288 1847 Heius.
1312 1818 1398 1857 conj.
1422 1817 1573 1855 halantia,
1590 1817 1641 1847 vel

186 1860 333 1890 ridentia.
357 1860 398 1889 V.
418 1869 478 1899 pro
490 1860 570 1889 mala
585 1859 689 1890 habet
701 1863 911 1900 poma—678
929 1862 1006 1891 Duo
1023 1860 1116 1891 Med.
1134 1860 1229 1890 Leid.
1246 1859 1351 1890 Barb.
1364 1864 1400 1890 et
1416 1858 1456 1890 A.
1478 1869 1532 1890 nec
1544 1859 1643 1900 inops.

186 1905 293 1933 -679
319 1902 459 1932 Plurimi
478 1902 575 1932 Inter.
591 1902 772 1933 exhaustum
787 1904 879 1933 toties
893 1907 973 1934 crat.
1018 1903 1101 1934 Sixii
1127 1908 1163 1933 et
1191 1911 1274 1932 uuus
1305 1902 1392 1932 Mor.
1408 1902 1561 1932 exhaustu
1572 1912 1642 1942 quo-

188 1944 258 1975 ties.
306 1944 407 1975 Toties
422 1953 556 1984 quoque
573 1954 633 1984 pro
649 1946 765 1984 quoties
781 1946 877 1976 multi
894 1946 1020 1976 liabent
1037 1944 1274 1985 scripti.—680
1298 1944 1392 1975 Voss.
1407 1944 1475 1974 duo
1496 1943 1591 1975 Leid.
1607 1948 1644 1974 et

188 1986 255 2016 duo
271 1986 328 2016 alii
340 1987 402 2017 vid.
417 1996 473 2016 sua
493 1996 626 2017 crescere
651 1988 712 2018 cin.
736 1987 814 2019 Jun.
831 1998 1016 2019 concrescere
1026 1998 1037 2023 ;
1060 1997 1143 2018 unus
1160 1986 1254 2017 Med.
1270 1987 1547 2017 succedere.—682
1573 1985 1642 2016 Hic

190 2038 238 2059 vs.
264 2028 299 2058 iu
328 2038 393 2059 uno
423 2029 465 2059 V.
488 2034 524 2058 et
553 2029 648 2059 libris
681 2030 751 2060 Ma.
783 2039 848 2060 non
879 2035 1032 2070 apparet.
1064 2031 1120 2060 Pr.
1149 2029 1254 2060 Gron.
1294 2028 1475 2067 Suscipiunt
1497 2028 1642 2058 Bane.—

188 2072 250 2101 683
265 2070 326 2100 Pr.
343 2071 448 2102 Gron.
468 2071 511 2101 Ut
523 2081 588 2101 ren.
604 2071 694 2102 unde
708 2071 976 2112 Heins.pa1·atib.
988 2073 1194 2103 orent.—686
1210 2071 1305 2101 Unus
1321 2070 1416 2101 Med.
1433 2070 1487 2101 cel.
1501 2079 1617 2110 pennas
1629 2080 1641 2107 ,-

845 2150 983 2181 NOTAE

190 2213 340 2243 Romano
369 2209 523 2241 ordinata
546 2221 662 2250 coena3
687 2216 724 2242 ut
749 2212 822 2252 ejus
844 2212 890 2242 in·
944 2212 1127 2243 officiorum
1166 2212 1480 2253 pollicitationibus,
1517 2213 1644 2254 ineptis

188 2260 890 2301 eunusferculum,deindesolidiorescibi,
945 2263 1270 2302 gesticulationibus,
1300 2264 1386 2294 male
1413 2264 1569 2295 simulare
1596 2264 1645 2296 di-

188 2312 367 2343 novissime
386 2311 525 2341 bellaria
542 2311 698 2351 apposita
712 2309 848 2343 fuerint.
944 2313 1101 2343 dicerunt
1124 2313 1276 2354 plerique
1299 2313 1405 2343 nostri
1420 2313 1584 2354 homines,
1599 2314 1644 2345 ab

231 2365 294 2394 674
314 2362 441 2402 Carica]
458 2362 506 2392 Eo
524 2361 656 2392 nomine
673 2363 891 2401 appellantur
944 2363 1033 2393 omni
1059 2372 1094 2393 re
1123 2363 1209 2393 bona
1232 2363 1343 2402 alieni,
1366 2363 1408 2394 de
1432 2364 1561 2395 urbano
1584 2365 1644 2396 illo

190 2412 273 2443 ficus
311 2412 407 2452 cujus
446 2410 577 2451 generis
610 2411 643 2441 in
677 2411 774 2451 Syria
817 2421 889 2455 esse
945 2413 1135 2452 latrocinio,
1163 2413 1309 2454 inquam,
1339 2423 1407 2445 non
1437 2414 1545 2454 possit
1570 2415 1644 2448 sine

191 2463 323 2495 Plinius
339 2463 500 2494 niemInit.
945 2463 1021 2493 odio
1037 2460 1087 2493 vir
1105 2464 1210 2494 bonus
1221 2464 1386 2504 cogitare.

234 2512 370 2554 Palmis]
412 2512 577 2553 Dactylos
608 2513 708 2553 vulgo
730 2513 889 2544 vocitant.
986 2516 1048 2543 654
1088 2512 1250 2552 Custodia]
1302 2513 1448 2544 Anseres
1481 2513 1583 2544 etiam
1610 2513 1644 2544 iu

192 2564 261 2595 Des
274 2564 402 2593 dattes.r
946 2564 1129 2603 Capitolio,
1153 2562 1241 2603 quod
1265 2563 1392 2603 sopitos
1414 2563 1573 2594 custodes
1600 2562 1644 2594 ad

234 2616 298 2644 678
323 2613 388 2644 Nec
403 2613 486 2644 iners
499 2612 652 2653 voluntas]
679 2613 728 2644 Ea
745 2623 823 2643 vero
839 2618 891 2644 est
946 2614 1032 2644 arcis
1064 2613 1293 2644 defensionem
1331 2613 1491 2644 adversus
1525 2613 1644 2644 Gallos

194 2671 269 2704 quae
285 2662 376 2703 apud
388 2672 449 2693 nos
462 2663 557 2703 ponit
569 2662 769 2694 beneficium
784 2674 792 2693 :
815 2673 891 2694 nam
947 2659 1201 2706 excitavissent,
1211 2663 1347 2705 publice
1357 2663 1452 2695 aliex
1461 2663 1645 2696 Plutarcho

195 2714 238 2745 de
249 2721 335 2744 vana
343 2711 402 2744 illa
414 2717 450 2745 et
461 2712 631 2755 mendaci,
643 2722 742 2755 quam
752 2714 894 2756 garrulis
945 2712 1116 2745 discimus.
