1831 3023
493 225 532 262 'M
543 225 977 262 ETAMORPHOSEON
1011 228 1108 261 mn.
1142 230 1194 261 x.
1464 217 1579 264 1427'

179 468 249 509 ΡΑ
259 480 297 508 B.
313 463 451 507 VIII.
511 463 814 518 Pygmalionis
835 463 989 505 Statua
1008 465 1199 506 eburnea
1216 464 1263 506 in
1278 463 1518 517 Virginem.

119 577 360 615 onnmuon,
376 572 520 606 offensus
549 571 761 613 impudentia
784 572 916 613 vulgari
938 572 1188 614 Pmpoefidum,
1210 573 1329 605 statuit
1353 573 1476 606 coelebs
1503 584 1580 615 per-

162 639 311 667 manere,
328 628 384 670 qui
399 637 474 659 cum
489 627 620 667 signum
637 625 800 665 virginale
816 635 859 657 ex
875 626 979 657 ebore
995 626 1149 665 fecisset,
1171 631 1290 667 captus
1311 627 1427 668 specie
1443 627 1526 668 ejus,
1543 628 1580 659 in

161 683 339 716 vecordem
356 680 477 712 incidit
495 688 657 716 amorem,
675 682 709 709 et
723 683 795 709 tota
811 683 926 709 mente
943 680 1100 720 quaesivit
1117 689 1137 710 a
1154 680 1243 719 Dea,
1259 683 1296 710 ut
1312 679 1341 710 ei
1358 679 1466 721 signo,
1481 680 1577 721 cujus

161 745 274 768 amore
290 735 486 772 exarsisset,
501 732 644 764 animam
661 730 868 763 infunderet.
891 731 959 765 Qui
976 738 1012 764 ut
1030 742 1184 773 egressus
1201 733 1330 774 templo
1347 733 1484 765 domum
1501 743 1580 775 per·

160 789 265 826 venit,
278 786 445 827 comperit
460 790 540 816 voto
557 795 593 816 se
611 794 684 816 esse
702 784 899 816 damnatum
926 786 1089 827 conjugii.
1128 786 1252 828 Itaque
1272 786 1408 818 laetatns
1424 792 1498 819 arte
1517 796 1578 818 sua

161 840 314 880 Paphum
330 839 434 870 filium
451 838 582 879 genuit,
598 838 654 879 qui
671 838 704 869 in
718 837 826 868 insula
842 837 958 878 Cypro
974 838 1137 880 oppidum
1155 839 1206 871 sui
1223 840 1365 872 nominis
1381 840 1576 872 constituit.

117 914 277 975 QUAS
300 932 404 985 quia
424 929 683 984 Pygmalion
706 941 850 971 aevum
871 942 951 983 per
971 931 1134 972 crimen
1156 935 1329 985 agentes

123 998 318 1048 Viderat,
341 997 532 1040 offensus
552 997 692 1047 vitiis,
715 1010 814 1050 quae
835 997 1029 1050 plurima
1047 999 1182 1039 menti

119 1066 357 1108 Foemineae
380 1065 555 1108 Natura
572 1064 709 1114 dedit,
727 1065 820 1106 sine
840 1066 1022 1120 conjuge
1044 1066 1214 1107 coelebs
1495 1066 1579 1107 245

118 1133 336 1175 Vivebat:
369 1134 636 1187 thalamique
659 1133 733 1174 diu
755 1138 962 1175 consorte
983 1136 1177 1176 carebat.

118 1200 295 1242 Interea
314 1201 490 1241 niveum
509 1201 619 1241 mira
637 1200 820 1241 feliciter
843 1206 936 1241 arte

119 1266 292 1322 Sculpit
311 1269 441 1320 ebur3
471 1268 743 1321 formamque
763 1267 898 1317 dedit,
920 1280 1008 1320 qua
1026 1268 1207 1309 foemina
1226 1268 1349 1308 nasci

120 1334 258 1376 Nulla
280 1338 453 1389 potest:
486 1336 721 1388 operisque
741 1335 808 1374 sui
827 1336 1032 1387 concepit
1052 1346 1259 1375 amorem.

117 1400 313 1453 Virginis
334 1405 402 1441 est
422 1412 540 1441 verae
561 1400 725 1450 sacies;
758 1412 890 1452 quam
912 1400 1058 1440 vivere
1079 1399 1232 1440 credas
1250 1413 1260 1440 ε

118 1466 189 1518 Et,
209 1468 246 1508 si
267 1479 353 1508 non
373 1466 518 1508 obstet
535 1466 791 1515 reverentia,
814 1465 927 1506 velle
948 1466 1129 1508 moveri.

116 1533 203 1576 Ars
224 1534 335 1576 adeo
353 1534 460 1575 latet
481 1539 572 1575 arte
596 1547 691 1574 sua.
752 1532 958 1584 Miratur,
981 1537 1026 1575 et
1043 1533 1185 1575 haurit

116 1600 307 1644 Pectore
326 1601 585 1656 Pygmalion
601 1601 795 1643 simulati
817 1602 1016 1655 corporis
1036 1601 1174 1654 ignes.

118 1669 252 1723 Saepe
269 1681 425 1710 manus
445 1670 569 1723 operi
591 1672 804 1710 tentantes
825 1667 1049 1718 admovet,
1071 1680 1127 1709 an
1146 1669 1204 1709 sit

120 1735 308 1790 Corpus,
325 1748 382 1776 an
401 1735 509 1776 illud
531 1736 661 1776 ebur:
690 1748 774 1776 nec
797 1736 908 1776 ebur
928 1739 1073 1776 tamen
1091 1748 1190 1776 esse
1209 1734 1379 1778 fatetur.
1495 1737 1582 1779 255

1493 1400 1519 1440 Ν)

1522 1401 1579 1440 ἓ

162 1863 243 1887 vni.
267 1854 352 1890 Quas
366 1855 438 1895 quia
454 1855 643 1895 Pygmalion
667 1855 788 1887 viderat
809 1859 933 1887 oetatem
959 1856 1169 1893 transigentes
1189 1865 1246 1896 per
1269 1855 1397 1895 crimen,
1413 1856 1580 1889 deterritus

118 1898 216 1937 vitiis,
243 1908 312 1938 quae
342 1902 455 1928 natura
483 1898 599 1928 indidit
627 1899 763 1937 plurima
789 1899 915 1937 iugenio
938 1898 1090 1935 muliebri,
1114 1898 1234 1929 virebat
1260 1898 1365 1930 coelebs
1390 1899 1456 1930 sine
1471 1909 1580 1940 uxore,

118 1945 210 1981 atque
238 1940 293 1970 diu
320 1941 442 1970 carebat
471 1941 553 1971 socia
584 1941 724 1971 thalami.
773 1941 897 1972 Interea
925 1941 1036 1981 sculpit
1052 1940 1194 1978 feliciter
1219 1941 1293 1972 ebur
1314 1942 1477 1972 candidum
1500 1943 1580 1974 mira

118 1986 199 2021 crte,
212 1986 305 2023 atque
318 1983 442 2013 addidit
467 1983 609 2022 speciem,
634 1994 695 2022 qua
714 1983 797 2014 naua
810 1984 912 2024 puella
926 1987 1026 2024 potest
1042 1984 1127 2014 nasci⁴
1140 1993 1153 2020 ,·
1170 1985 1200 2015 et
1225 1988 1326 2015 tactus
1352 1987 1397 2015 est
1413 1994 1516 2016 amore
1531 1985 1581 2016 sui

117 2025 228 2065 operio.
279 2025 388 2055 Vultus
403 2029 447 2055 ese
475 2034 553 2055 teroe
566 2025 689 2065 puelloe,
704 2036 794 2065 quam
815 2026 981 2057 arbitreris
996 2027 1109 2064 vivere,
1125 2029 1156 2056 et
1170 2027 1231 2057 nisi
1242 2026 1403 2067 prohibeat
1418 2027 1582 2068 modestia,

117 2067 193 2098 velle
206 2075 340 2097 moveri.-
364 2076 457 2106 usque
471 2069 547 2097 adeo
571 2077 624 2098 ars
636 2069 755 2099 celatur
771 2071 838 2098 arte
851 2078 918 2099 sua.
965 2068 1154 2109 Pygmalion
1169 2070 1314 2107 miratur,
1329 2072 1359 2100 et
1371 2073 1494 2110 pectore
1509 2079 1579 2101 con-

117 2110 194 2150 cipit
224 2111 350 2140 ardores
376 2110 513 2150 corporis
531 2110 616 2150 ficti.
662 2111 752 2150 Soepe
776 2112 917 2141 admovet
946 2112 1030 2151 operi
1052 2120 1158 2142 manu-3
1180 2112 1375 2151 explorantes
1388 2122 1430 2142 an
1443 2111 1521 2142 illud
1535 2114 1579 2144 sit

117 2161 226 2194 corpus
239 2161 280 2183 an
293 2152 387 2183 ebur:
410 2162 505 2193 neque
519 2156 622 2184 tamen
637 2153 777 2193 agnoscit
793 2163 856 2185 esse
869 2154 954 2184 ebur.
1001 2152 1105 2194 Offert
1134 2154 1253 2194 mauvia,
1275 2158 1306 2186 et
1330 2155 1428 2186 credit
1451 2156 1558 2196 repom·
1569 2165 1580 2186 .-

732 2238 967 2251 eeeeeeeeee

121 2289 255 2331 recepit
273 2288 391 2321 Heius.
408 2289 500 2330 vulg.
514 2290 765 2323 nimium—244
789 2290 884 2322 Unus
905 2292 1000 2324 Med.
1024 2292 1105 2333 plur.
1120 2293 1318 2325 sorta—245
1343 2294 1441 2326 Unus
1457 2294 1580 2327 Heins-

119 2334 198 2373 conj.
211 2332 417 2370 selim-⁴2⁴0
443 2333 520 2364 Bas.
545 2343 630 2364 unus
655 2335 967 2375 thalamoque—248
994 2335 1094 2376 Vulg.
1120 2335 1255 2377 Sculpsit
1280 2336 1324 2368 eb.
1348 2338 1399 2369 Fi.
1422 2337 1580 2379 scalpsit:

121 2375 242 2416 Sculpit
273 2380 326 2407 est
357 2385 399 2406 ex
431 2385 479 2415 pr.
508 2374 551 2407 Α.
581 2385 650 2407 sec.
678 2377 772 2408 Med.
805 2381 840 2409 et
865 2378 997 2410 duobus
1026 2379 1221 2410 aliia—249
1254 2380 1351 2411 Unus
1383 2380 1506 2412 Heius.
1530 2381 1580 2412 sui

119 2418 388 2459 pracepit—250
418 2418 505 2448 Veroe
531 2423 583 2449 est
617 2428 660 2449 ex
708 2419 828 2452 Heius.
863 2421 996 2453 emend.
1034 2422 1125 2462 vulg.
1154 2426 1340 2454 vera—251
1378 2424 1437 2454 Pr.
1470 2423 1577 2455 Grou.

122 2465 159 2492 et
187 2460 253 2492 duo
279 2461 334 2491 alii
359 2471 446 2501 posse
472 2470 533 2501 pro
560 2462 751 2493 uella—253
785 2462 865 2495 Jun.
895 2464 1009 2504 Pygm.
1035 2465 1189 2496 simulatae
1217 2465 1357 2505 conjugis
1382 2467 1450 2506 ign.
1497 2466 1577 2496 Duo

122 2503 261 2534 stimulati
285 2505 429 2544 pectoris.
476 2504 569 2535 Unus
596 2504 698 2535 etiarn
730 2505 950 2544 ignem—255
975 2508 1077 2548 Vulg.
1103 2518 1157 2539 nec
1188 2509 1288 2540 adhuc
1315 2508 1390 2540 ebur
1412 2518 1468 2541 ess.
1501 2517 1576 2540 nos-

769 2597 907 2630 NOTAE

168 2671 228 2699 ‘1⁵1
253 2667 290 2699 si
305 2679 362 2700 non
377 2669 491 2710 obstet]
519 2669 651 2711 Argute
669 2670 823 2711 profecto
878 2672 935 2705 ned
952 2673 1082 2715 pudore
1100 2674 1274 2706 immotum
1289 2673 1385 2704 facit.

126 2723 161 2750 et
175 2718 217 2749 ad
231 2718 328 2760 hujus
343 2719 510 2751 simulacri
527 2722 739 2754 statuendam
756 2724 824 2754 ele·
920 2727 983 2756 263
1007 2725 1172 2766 simulati]
1196 2724 1251 2756 Ad
1266 2724 1406 2767 virginis
1425 2722 1577 2758 similitu-

125 2768 272 2810 gantiam
299 2770 469 2812 apposite,
490 2771 579 2812 quod
605 2781 672 2804 nou
689 2777 825 2815 natura,
877 2773 992 2807 dinem
1008 2774 1147 2815 sculpti.
