1831 3023
329 221 371 252 P.
394 221 552 252 ovmu
584 215 799 250 NASONIS
832 213 1162 247 Mss'l’AMORPH.
1195 220 1294 250 Lm.
1315 220 1420 250 vnl.

157 311 342 356 Nubila.

1493 210 1606 254 1281

403 315 522 356 Dant
540 311 704 366 placidi
726 322 901 351 cursum
923 309 1203 351 redeuntibus
1224 310 1377 352 Austri

158 381 374 432 AEacidis‚
396 380 705 434 Cephaloque3
737 378 897 431 quibus
914 377 1096 418 feliciter
1117 378 1204 419 acti
1254 390 1265 397 “

155 448 270 488 Ante
290 452 570 501 expectatum
588 449 744 498 portus
764 449 938 486 tenuere
958 446 1130 499 petitos.

1582 450 1610 489 Ul

157 515 330 556 Interea
352 515 502 555 Minos
523 513 725 564 Lelegeia
746 513 894 553 littora
914 517 1087 554 vastat:

156 582 476 634 Praetentatque
498 580 567 620 sui
585 580 701 619 vires
725 578 942 620 Mavortis
959 580 1004 620 in
1025 580 1132 620 urbe

153 648 374 698 Alcathoi,
395 660 528 701 quam
551 646 690 688 Nisus
709 646 864 698 habet3
896 647 967 687 cui
990 646 1244 700 splendidus
1264 650 1385 689 ostro

99 720 101 722 '
155 715 272 756 Inter
291 717 520 756 honoratos
540 714 686 756 medio
708 714 762 755 de
782 715 941 755 vertice
964 727 1102 755 canos

156 782 298 824 Crinis
319 782 572 832 inhaerebat,
593 782 743 835 magni
765 782 929 822 fiducia
949 783 1083 835 regni.

1553 783 1609 825 10

153 849 292 890 Sexta
310 850 594 902 resurgebant
613 850 792 891 orientis
813 863 974 891 cornua
992 849 1186 891 Phoebes
1202 863 1213 903 ;

151 916 211 957 Et
229 917 445 970 pendebat
466 917 610 958 adhuc
630 917 733 959 belli
757 918 949 959 Fortuna
966 932 976 970 ;
1007 919 1171 972 diuque

153 983 273 1025 Inter
294 988 527 1038 utrumque
547 985 671 1026 volat
691 985 837 1027 dubiis
857 985 1061 1028 Victoria
1082 987 1252 1040 pennis.

149 1123 238 1153 lanus
254 1122 339 1163 flare
365 1123 502 1159 desinit,·
523 1127 614 1164 atque
644 1123 737 1155 nubes
759 1124 893 1155 humidae
922 1123 1083 1161 ingruunt.
1131 1123 1211 1154 Noti
1233 1124 1315 1155 lenes
1332 1126 1447 1164 purant
1474 1123 1612 1156 reditum

152 1165 292 1196 AEacidis
315 1167 540 1197 revertentibus
566 1171 657 1207 atque
682 1167 834 1207 Cephalo:
859 1178 878 1197 a
907 1167 1016 1206 quibus
1038 1166 1178 1205 feliciter
1206 1166 1344 1207 impulsi,
1363 1168 1548 1207 appulerunt
1570 1168 1611 1198 ad

146 1211 257 1247 portus
278 1212 398 1248 optatos
421 1210 600 1248 priusquam
629 1213 877 1249 expectarentur.
928 1210 1049 1240 Interea
1077 1210 1184 1240 Minos
1204 1210 1406 1249 depopulatur
1430 1219 1500 1240 oras
1521 1209 1610 1240 Lele-

146 1251 248 1288 geias,
275 1254 304 1281 et
327 1251 496 1290 periculum
512 1251 595 1289 savit
621 1252 734 1282 virium
748 1262 875 1283 suarum
891 1250 1070 1282 bellicarum
1085 1252 1118 1282 in
1134 1251 1208 1282 urbe
1222 1252 1386 1289 Ateuthoii,
1406 1261 1495 1291 quam
1512 1251 1611 1281 Nisus

150 1292 266 1323 obtinet
279 1303 290 1329 ;
313 1294 362 1323 cui
387 1294 470 1334 pilus
485 1294 617 1333 insignis
632 1295 728 1325 colore
741 1303 895 1334 purpureo
920 1295 958 1324 de
979 1294 1078 1324 medio
1091 1295 1204 1324 vertice
1219 1294 1303 1324 inter
1318 1295 1506 1323 venerandos
1519 1302 1611 1324 canos

147 1335 459 1376 eratfirmamentum
470 1337 609 1376 potentis
624 1337 723 1374 regni.
768 1336 868 1366 Sexta
891 1345 1005 1365 cornua
1032 1336 1131 1365 Lunae
1154 1335 1346 1373 resurgentis
1364 1335 1611 1371 renovabantur,-

147 1380 178 1407 ee
193 1377 266 1408 betti
282 1381 406 1408 eventus
420 1382 485 1408 erat
502 1379 601 1408 adhuc
618 1379 754 1408 incertus
766 1388 778 1414 ;
801 1381 831 1408 et
853 1377 987 1407 Victoria
1002 1376 1174 1414 diafertur
1195 1377 1278 1408 inter
1298 1380 1460 1418 utrumque
1483 1377 1610 1408 incertis

975 1477 991 1487 e

146 1542 222 1574 nuit
239 1543 377 1584 Regius,
395 1549 431 1576 et
447 1545 580 1576 alib—4
606 1546 763 1578 Quatuor
779 1550 865 1577 vett.
878 1545 969 1583 felic.
984 1546 1110 1577 τιεί-δ
1136 1545 1288 1577 Berolin.
1308 1548 1392 1586 port.
1420 1545 1609 1584 tetigere.—

147 1588 169 1616 6
191 1585 274 1618 Cod.
292 1587 462 1627 Menai-di,
485 1593 520 1619 et
536 1587 695 1620 undecim
713 1589 770 1620 alii
786 1589 893 1629 Leleg.
911 1589 1098 1620 rumim—7
1122 1588 1184 1620 Pr.
1211 1588 1305 1619 Med.
1332 1587 1448 1619 Noric.
1476 1592 1512 1619 et
1536 1592 1606 1618 tres

148 1628 205 1659 alii
222 1630 255 1660 in
269 1629 392 1660 urbem:
414 1630 495 1662 Jun.
513 1637 548 1661 et
567 1641 617 1671 pr.
645 1631 752 1663 Gron.
777 1631 810 1662 in
825 1634 972 1663 arca—8
996 1632 1144 1662 Alcathoi
1160 1631 1257 1662 dedit
1282 1631 1400 1662 Heius.
1423 1639 1484 1669 pro
1515 1629 1608 1669 vulg.

146 1671 371 1703 Mentha—9
394 1673 445 1703 Fl.
461 1673 495 1704 S.
527 1673 638 1704 Marci
666 1679 702 1705 et
730 1674 785 1705 alii
816 1675 973 1714 medioque
988 1674 1021 1704 in
1035 1677 1113 1705 vert.
1160 1675 1203 1705 N.
1228 1673 1348 1704 Urbin.
1365 1678 1399 1704 et
1416 1683 1484 1704 sec.
1511 1671 1608 1703 Med.

148 1713 201 1743 sub
221 1717 382 1746 veru—ll
409 1715 539 1746 Phoebes
560 1716 686 1747 habent
703 1726 788 1748 unus
803 1717 898 1748 Med.
914 1723 949 1748 et
966 1726 1050 1747 unus
1068 1715 1110 1747 A.
1129 1725 1191 1756 pro
1213 1716 1306 1757 vulg.
1332 1716 1439 1747 Lunae.
1483 1714 1607 1746 Heius.

799 1821 938 1854 NOTAE

188 1907 208 1936 2
234 1905 328 1935 Cadit
346 1905 465 1945 Eurus]
494 1906 591 1937 Flare
617 1906 742 1937 desinit
767 1915 846 1937 ven-

148 1961 201 1986 tus
226 1954 268 1985 ab
291 1960 367 1986 ortu
391 1956 536 1995 spirans,
552 1957 608 1997 qui
633 1957 785 1996 Cephalo
803 1967 844 1987 ex

147 2004 265 2045 AEgina
297 2004 405 2035 insula
427 2004 580 2036 Athenas
612 2006 765 2037 redituro
789 2007 845 2037 ad-

145 2063 261 2086 versus
277 2059 362 2085 erat.

188 2104 344 2145 Humida]
383 2106 469 2138 Quae
494 2105 629 2146 quidem
654 2115 765 2137 secum
791 2115 843 2136 ra-

144 2154 262 2196 piebat
286 2160 408 2186 ventus
433 2165 452 2185 a
475 2155 616 2187 meridie
643 2160 679 2187 et
702 2156 786 2187 mari
808 2157 842 2187 in

142 2205 218 2236 inas
235 2209 343 2236 terras
360 2214 556 2236 excurrens.

184 2258 204 2286 4
228 2255 386 2296 AEacidis]
424 2255 594 2287 Militibus
618 2257 660 2288 ab
683 2256 787 2288 AEaco
810 2256 842 2287 in

139 2305 299 2337 auxilium
322 2305 476 2337 Athenas
499 2306 618 2346 missis,
640 2311 675 2338 et
691 2307 842 2348 Cephalo

143 2356 243 2387 datis.

185 2410 206 2438 6
222 2406 383 2447 Lelegeia]
401 2407 618 2448 Megarensia
634 2407 730 2447 dicit,
752 2407 842 2439 Atti-

141 2457 188 2490 ci·
201 2458 496 2499 proxima‚quihus
509 2469 528 2489 a
543 2458 669 2499 Lelege
681 2459 840 2500 AEgyptio

143 2507 286 2547 advena,
302 2509 357 2549 qui
376 2509 518 2549 Megara
534 2509 840 2549 instauravit,illud

142 2567 263 2590 nomen
279 2559 480 2599 impu-itum.

185 2611 204 2639 7
223 2609 393 2649 Mavortia]
420 2610 457 2640 ld
470 2615 534 2649 est,
549 2610 653 2640 Belli:
677 2609 731 2641 cui
745 2609 839 2641 Mars

142 2667 198 2690 scu
215 2659 354 2690 Mavors
371 2666 507 2700 praeest.

184 2713 205 2739 ὃ
237 2710 393 2749 Alcathoi]
428 2711 571 2749 Megara
595 2710 681 2742 dicit
710 2710 754 2741 ab
782 2711 841 2742 Al-

143 2760 263 2791 cathoo
303 2760 440 2800 Pelopia
480 2760 550 2791 filio
586 2765 776 2793 restaurata
805 2765 841 2792 et

229 2814 340 2855 Delplt.
355 2817 384 2845 et
402 2814 472 2845 t'ur.
491 2814 574 2846 Cau.

822 2815 917 2847 ovid.

901 1904 1042 1936 munita.

944 1955 1057 1995 Nisus]
1081 1955 1277 1996 Pandionis,
1291 1955 1500 1987 Athenarum
1514 1953 1604 1995 regis

898 2004 996 2044 filius,
1012 2006 1065 2036 cui
1089 2005 1120 2035 in
1147 2005 1314 2035 divisione
1339 2004 1433 2044 regni
1458 2014 1477 2035 a
1501 2006 1601 2045 patre

896 2052 990 2085 facta
1008 2054 1150 2093 Megara
1163 2053 1373 2093 obtigerunt.

940 2103 1050 2144 Ostra]
1082 2103 1158 2134 Hoc
1172 2109 1238 2143 est,
1254 2113 1426 2145 purpureo
1440 2104 1566 2135 colore.

940 2157 980 2184 10
1004 2154 1150 2195 Fiducia]
1177 2154 1350 2195 Siquidem
1365 2155 1459 2185 illum
1472 2155 1600 2186 crinem

897 2205 1055 2246 quamdiu
1092 2205 1197 2236 Nisus
1224 2205 1377 2244 haberet,
1405 2214 1509 2246 regno
1533 2206 1600 2246 pri.

897 2256 967 2287 vari
992 2265 1056 2286 uon
1083 2260 1217 2296 posset;
1242 2255 1332 2297 quod
1357 2260 1430 2287 erat
1452 2256 1486 2286 in
1510 2254 1602 2288 fatis.

897 2305 968 2337 Per
992 2306 1083 2336 illum
1109 2315 1188 2337 vero
1212 2307 1338 2337 crinem
1365 2315 1526 2337 arcanum
1552 2306 1601 2337 in-

897 2358 1015 2398 tellige
1054 2358 1243 2396 consilium,
1283 2358 1370 2398 quod
1402 2359 1434 2389 in
1471 2368 1600 2389 summo

895 2408 1016 2448 capitis
1059 2418 1194 2439 recessu
1231 2409 1337 2440 latere
1377 2409 1492 2450 debet,
1524 2419 1600 2450 pro-

895 2459 1002 2490 ditum
1021 2460 1149 2490 ruinam
1174 2460 1287 2491 trahit.

941 2513 975 2541 ll
1002 2510 1117 2550 Sexta]
1146 2510 1310 2552 Adeoque
1334 2516 1451 2543 sextus
1475 2510 1597 2542 mensis

895 2559 1055 2591 currebat
1071 2560 1112 2590 ab
1131 2560 1270 2602 incepta
1284 2561 1468 2592 obsidione.

940 2609 1084 2650 Phoebes]
1112 2611 1237 2649 Lunae3
1263 2621 1337 2652 quae
1356 2611 1475 2642 l’hoebi
1490 2618 1597 2642 soror.

940 2663 977 2691 13
1004 2661 1134 2702 Dubiis]
1167 2662 1298 2694 Quibus
1324 2662 1422 2692 modo
1451 2662 1482 2691 in
1510 2660 1596 2692 hunc

895 2711 994 2742 modo
1017 2712 1050 2743 iu
1076 2713 1252 2744 adversam
1277 2716 1409 2752 partem
1433 2710 1595 2741 inclinare

896 2762 992 2793 solet.

1429 2817 1447 2845 4
1472 2813 1507 2844 M
