1831 3023
573 207 1037 244 METAMORPHOSEON
1075 209 1169 239 Lm.
1204 211 1275 240 IX.

1536 203 1649 245 1:383

204 309 308 362 Igne
329 309 433 350 facit
451 312 625 357 votum3
655 307 951 345 verumtamen
974 306 1133 344 aestuat
1153 302 1284 344 intus.
1338 330 1349 336 -

202 376 229 417 J
235 388 305 416 am
325 376 546 417 dominum
567 371 789 425 appellat:
816 372 910 425 jam
930 370 1107 412 nomina
1126 371 1354 423 sanguinis
1375 370 1489 412 odit:

1564 370 1649 410 465

203 443 393 496 Byblida
407 441 499 495 jam
519 438 702 488 mavult,
721 450 852 491 quam
876 450 923 478 se
942 440 1071 479 vocet
1087 437 1161 478 ille
1180 450 1386 479 sororem.

204 510 316 563 Spes
336 514 478 550 tamen
498 507 734 548 obscoenas
757 507 904 546 animo
926 505 1145 547 demittere
1165 518 1252 546 non
1269 509 1336 547 est

203 575 327 616 Ausa
343 587 425 616 suo
447 573 646 625 vigilans.

202 642 331 696 Saepe
350 641 484 689 videt,
505 639 622 693 quod
643 644 774 680 amat.

201 709 397 762 Corpus3
428 713 472 748 et
492 707 680 756 erubuit,
702 708 904 760 quamvis
925 707 1077 760 sopita
1090 706 1286 760 jacebat.

707 572 898 613 Placida
916 572 1110 613 resoluta
1129 572 1276 625 quiete

837 639 949 680 Visa
967 643 1033 680 est
1051 651 1226 692 quoque
1239 640 1424 693 jungere
1443 639 1563 682 fratri

1562 707 1649 748 470

200 775 391 816 Somnus
413 774 523 814 abit:
555 774 657 814 silet
676 773 756 815 illa
776 773 877 825 diu3
909 773 1153 827 repetitque
1174 774 1337 826 quietis

200 841 308 894 Ipsa
326 853 419 882 suae
442 841 635 895 speciem
655 854 666 891 ;
698 840 922 893 dubiaque
944 840 1010 881 ita
1029 843 1169 880 mente
1190 839 1401 893 profatur:

198 907 276 949 Me
298 909 528 950 miseram!
561 909 711 950 tacitae
731 907 837 962 quid
858 908 954 949 vult
976 908 1061 949 sibi
1083 907 1224 949 noctis
1245 907 1419 960 imago?

196 1051 272 1082 Jam
290 1050 459 1081 Dominum
474 1054 561 1082 vocat
574 1061 585 1088 ‚·
600 1050 672 1090 jam
696 1050 817 1091 refugit
841 1051 964 1082 nomina
989 1050 1288 1090 consanguinitatis:
1304 1050 1371 1089 jam
1395 1050 1508 1081 mavult
1532 1050 1582 1081 ille
1598 1060 1651 1091 ap-

196 1093 287 1133 pellet
302 1103 334 1124 se
347 1093 512 1133 Byblidem
527 1104 617 1134 quam
631 1103 777 1125 sororem.
827 1094 935 1125 Verita
950 1097 995 1125 est
1011 1097 1113 1124 tamen
1128 1097 1309 1133 experrecta
1324 1096 1394 1124 tota
1404 1094 1510 1133 turpia
1522 1093 1654 1131 objicere

197 1136 295 1166 menti
307 1145 391 1166 suoe:
414 1136 512 1166 cernit
529 1146 610 1176 saepe
625 1137 703 1176 quod
727 1140 812 1167 amat
837 1140 981 1177 superata
1005 1136 1065 1167 leni
1079 1145 1192 1167 somno.
1243 1135 1318 1166 Visa
1342 1139 1388 1166 est
1411 1136 1505 1166 etiam
1520 1136 1654 1174 jungere

197 1188 307 1218 corpus
315 1177 417 1215 fratri
432 1189 443 1214 ,·
465 1181 495 1209 et
505 1179 620 1218 pudore
629 1178 750 1219 suffusa
763 1182 820 1217 est,
831 1189 1000 1220 quanquam
1011 1179 1165 1210 dormiens
1171 1178 1309 1216 jacebat.
1355 1177 1454 1218 Sopor
1464 1178 1632 1209 discutitur
1641 1189 1652 1208 .-

196 1220 250 1250 illa
267 1221 319 1250 diu
336 1221 528 1258 obmutescit,
555 1223 647 1260 alque
671 1222 800 1252 revolvit
827 1223 994 1261 imaginem
1010 1221 1058 1252 sui
1083 1221 1191 1259 somni,
1216 1224 1308 1261 atque
1330 1221 1377 1250 ita
1400 1221 1428 1251 lo

1471 1221 1534 1250 itur
1550 1222 1653 1256 animo

196 1263 336 1294 incerto.-
366 1263 421 1294 Me
436 1263 587 1300 infelicem
596 1263 611 1294 Ι
641 1264 715 1304 quid
736 1265 894 1304 portendit
908 1265 1106 1295 simulacrum
1121 1263 1220 1294 noctis
1241 1263 1435 1303 tranquillae.
1464 1264 1544 1302 quod
1560 1263 1654 1293 nolim

806 1356 939 1367 eeeeeee

942 1355 1038 1367 eeeee

194 1423 255 1452 063
271 1421 377 1452 Gron.
395 1425 430 1451 et
445 1420 523 1452 Jun.
534 1419 588 1451 sub
603 1421 787 1460 ipsa-464
798 1420 895 1451 Unus
911 1419 1006 1451 Med.
1022 1418 1192 1457 lgm-fuit,-
1206 1420 1242 1448 et
1258 1416 1381 1448 deinde
1394 1416 1461 1449 duo
1477 1420 1545 1449 (εει.
1557 1417 1653 1457 ignis.

194 1466 301 1494 —466
324 1463 429 1494 Gron.
458 1463 528 1500 jam
558 1464 681 1494 mallet.-
704 1462 826 1494 Heius.
850 1462 941 1493 malit
964 1462 1216 1502 legebam—467
1242 1460 1418 1491 Demittere
1443 1465 1528 1492 vett.
1553 1461 1654 1501 pleri-

192 1515 282 1546 que;
302 1506 359 1536 alii
378 1506 556 1536 dimittere:
582 1515 667 1536 unus
693 1505 814 1536 Heius.
835 1504 1139 1545 permittere—470
1161 1503 1388 1542 Vetufflores,
1414 1507 1504 1535 teste
1531 1503 1653 1536 Heius.

183 1548 331 1586 jacebam,-
356 1548 444 1589 vulg.
459 1548 700 1586 jaceret.—472
721 1548 804 1579 Tres
819 1547 892 1579 dub.
914 1547 948 1578 in
962 1549 1056 1578 ment.
1106 1545 1200 1578 Med.
1223 1550 1260 1577 et
1280 1545 1347 1577 duo
1375 1546 1432 1577 aiii
1457 1547 1505 1577 ita
1528 1556 1652 1578 mee.—

851 1670 883 1701 N
889 1669 991 1701 OTAE

239 1755 312 1795 1110]
337 1755 462 1786 Amore
486 1755 633 1786 nondum
660 1755 741 1786 satis
767 1755 894 1786 amanti

195 1805 387 1836 manifesto.

236 1858 297 1886 ⁴65
313 1853 496 1894 Dominum]
510 1855 600 1896 Ergo
612 1855 686 1896 ipsa
700 1865 798 1886 serva
811 1855 891 1887 fuit:

195 1910 231 1936 ut
248 1915 288 1936 ex
305 1904 469 1946 ejusmodi
496 1907 618 1936 amoris
642 1907 895 1938 transmutatio-

194 1956 292 1987 nibus
309 1956 416 1997 qualis
432 1957 505 1997 ipse
532 1956 736 1997 credendus,
754 1967 896 1998 pronum

192 2007 238 2038 sit
276 2007 480 2048 iutelligere.
542 2008 742 2049 Quanquam
782 2014 895 2039 tamen

192 2067 295 2089 suave
312 2058 448 2096 maium,
472 2058 531 2088 nisi
557 2057 622 2088 Dei
647 2068 761 2089 amore
786 2058 895 2089 subla·

193 2112 262 2146 tus,
291 2107 401 2138 nullus
432 2108 537 2147 possit
574 2106 745 2147 effingere:
792 2118 895 2149 usque

193 2158 278 2189 adeo
312 2158 344 2188 in
381 2162 531 2188 nostram
561 2157 745 2198 perniciem
780 2166 896 2189 omues

194 2207 455 2248 conjuravimus.

234 2260 297 2288 470
332 2257 375 2287 Et
405 2255 540 2295 mcbuit]
573 2256 649 2287 Vim
674 2256 751 2288 boni
777 2257 894 2299 itaque

192 2307 292 2338 altius
308 2307 461 2338 humanae
478 2307 582 2337 menti
605 2307 803 2347 impressam
821 2317 893 2339 cre-

191 2357 279 2389 didit
296 2357 418 2395 Poeta,
435 2366 534 2398 quam
563 2356 664 2397 vulgo
688 2357 798 2389 solent
823 2359 895 2400 qui-

191 2407 269 2439 dum
296 2407 353 2449 qui
387 2416 422 2438 se
450 2406 639 2447 Theologos
668 2406 736 2438 dici
767 2413 894 2440 amant.

192 2457 315 2498 Neque
342 2466 422 2488 vero
449 2456 591 2487 istorum
618 2457 754 2488 animus
771 2460 893 2490 soumi-

193 2507 327 2539 cuiosus
357 2513 414 2538 aut
443 2507 603 2547 superbia
632 2507 790 2547 pertinax
827 2509 892 2541 Dei

193 2558 374 2589 veritatem
402 2559 509 2598 possit
536 2563 707 2597 evertere,
733 2559 790 2600 qui
817 2568 892 2591 sese

194 2607 228 2638 in
243 2607 430 2639 homiuibus
449 2607 526 2639 boni
542 2613 578 2639 et
595 2607 672 2638 mali
697 2608 843 2641 indicem
856 2615 893 2642 et

196 2656 279 2688 dicit
297 2663 330 2688 et
347 2657 441 2688 facit.
485 2657 532 2689 At
546 2658 635 2689 cuim
649 2658 753 2690 vincit
765 2657 894 2692 fal-itu

196 2714 230 2738 et
248 2708 382 2738 maium.
428 2706 551 2739 Verum
577 2714 645 2739 est:
670 2708 730 2740 sed
752 2710 895 2742 horninis

196 2769 355 2799 perversu
372 2759 564 2800 oscitantia,
581 2761 637 2801 qui
664 2765 731 2792 tum
747 2761 895 2804 denique

951 1764 986 1786 se
1004 1763 1068 1785 non
1093 1753 1241 1794 potuisse
1258 1758 1316 1784 aut
1332 1753 1512 1785 nescivisse
1540 1762 1654 1784 causa-

952 1812 1107 1842 1u1·‚cum
1125 1803 1250 1834 viribus
1273 1803 1427 1834 omnibus
1451 1803 1586 1845 Deique
1607 1804 1654 1833 lu—

951 1855 1038 1886 mine
1054 1854 1094 1885 ad
1115 1852 1204 1885 nefas
1228 1854 1412 1893 exhaustis,
1427 1853 1596 1884 levissima
1618 1864 1653 1884 se

951 1906 1113 1937 mentitur
1140 1914 1206 1936 uon
1236 1904 1388 1945 potuisse
1416 1914 1490 1946 quae
1517 1905 1651 1936 omuino

951 1957 1115 1998 neglexit,
1133 1957 1186 1988 vel
1203 1957 1305 1987 etiam
1323 1956 1442 1987 noluit.
1466 1956 1654 1998 Fugieudo‚

952 2007 1110 2047 tacendo,
1136 2005 1352 2047 quiescendo,
1375 2015 1441 2037 non
1468 2007 1653 2046 cogitando

951 2057 1152 2088 difficillima
1166 2055 1267 2086 etiam
1285 2065 1481 2095 possumus:
1500 2055 1574 2096 quis
1589 2056 1653 2086 ista

951 2116 1017 2137 nou
1035 2105 1154 2146 possit,
1181 2105 1207 2135 si
1229 2105 1329 2136 modo
1354 2110 1483 2136 mature
1500 2106 1553 2136 vei
1571 2115 1651 2146 pue—

952 2156 1043 2187 rulus
1057 2154 1214 2191 voluerit,
1226 2154 1315 2195 quod
1326 2164 1400 2185 sero
1413 2159 1471 2186 aut
1481 2165 1652 2197 nunquam

950 2206 1046 2247 gigas
1064 2204 1270 2236 tentaverit?
1293 2204 1328 2236 Is
1343 2210 1438 2236 certe
1454 2215 1520 2237 non
1540 2211 1654 2246 potest

949 2255 1006 2297 qui
1033 2264 1098 2286 nou
1127 2254 1220 2292 vult3
1256 2263 1334 2285 nam
1357 2264 1419 2295 per
1442 2255 1652 2287 voluntatem

949 2309 1101 2336 nostram
1129 2304 1239 2336 omnia
1265 2303 1441 2336 efficimus.
1497 2305 1546 2338 At
1575 2316 1651 2337 cum

949 2355 1076 2398 aliquid
1095 2356 1262 2396 nolumus,
1285 2365 1351 2387 non
1367 2357 1399 2387 id
1418 2358 1597 2399 quaeritur,
1611 2367 1653 2388 an

949 2406 983 2437 id
1014 2405 1199 2447 possimus3
1237 2415 1352 2438 verum
1383 2417 1425 2438 an
1453 2417 1558 2448 penes
1590 2417 1651 2438 nos

949 2456 1053 2488 suerit
1079 2456 1166 2487 velle
1196 2462 1256 2488 aut
1282 2455 1487 2488 flectendam
1514 2457 1652 2498 permit-

949 2512 1025 2540 tere
1047 2509 1258 2541 voluntatem
1285 2514 1322 2541 ut
1347 2519 1529 2550 possemus.
1582 2508 1651 2539 Sed

947 2559 990 2592 de
1005 2560 1056 2591 his
1072 2560 1167 2591 alias.

991 2614 1051 2643 471
1090 2611 1232 2651 Quietis]
1269 2610 1376 2650 Cujus
1406 2615 1558 2649 tempore
1590 2608 1652 2639 nisi

950 2661 1063 2694 sobrie
1091 2662 1207 2702 utaris,
1236 2660 1397 2690 Diabolus
1422 2658 1570 2697 accedit,
1596 2658 1651 2700 qni

951 2713 1075 2744 malum
1091 2720 1220 2750 semen,
1234 2710 1327 2740 brevi
1340 2718 1437 2741 omne
1453 2709 1576 2741 bonum
1593 2719 1653 2750 op-

950 2773 1153 2805 pressurum,
1169 2761 1309 2802 spargit.
