1831 3023
497 250 967 283 METAMORPHOSEON
1002 252 1100 283 ΜΒ.
1133 252 1248 285 xm.
1486 246 1598 289 1585

148 349 246 390 Nec
265 347 408 390 minus
428 346 704 395 Idomeneus,
724 347 955 401 patriaque
973 351 1148 388 creatus
1169 346 1325 388 eadem

148 415 394 457 Meriones:
424 417 588 470 peteret
605 413 786 467 majoris
807 413 937 456 frater
958 413 1144 456 Atridae.

145 481 326 537 Quippe
346 494 476 523 manu
495 480 630 522 fortes
649 478 751 533 (nec
774 484 875 522 sunt
895 481 976 522 tibi
999 481 1145 523 Marte
1167 480 1368 531 secundi)
1513 481 1596 523 360

143 549 352 590 Consiliis
374 561 549 590 cessere
568 548 692 588 meis.
751 548 850 590 Tibi
874 548 1060 591 dextera
1080 549 1196 590 bello

143 615 303 669 Utilis3
333 616 549 670 ingenium
569 619 653 664 est,
676 616 794 669 quod
813 620 914 669 eget
936 616 1234 657 moderamine
1253 615 1408 657 nostri.

140 682 212 723 Tu
230 684 350 726 vires
370 684 464 725 sine
480 686 622 724 mente
639 683 779 736 geris:
810 683 915 724 mihi
932 696 1036 724 cura
1055 683 1188 724 futuri
1208 688 1290 725 est.

140 749 211 791 Tu
232 764 424 804 pugnare
444 754 570 804 potes
587 763 596 791 :
627 750 847 804 pugnandi
867 754 1067 804 tempora
1085 763 1257 791 mecum

142 816 278 870 Eligit
297 816 489 859 Atrides,
520 816 592 858 Tu
612 820 782 858 tantum
801 824 986 870 corpore
1007 816 1167 871 prodes
1185 831 1196 868 3
1514 820 1599 862 365

143 882 240 924 Nos
261 885 432 926 animo:
467 886 718 937 quantoque
738 886 874 924 ratem
894 883 971 937 qui
992 887 1220 937 temperat,
1243 885 1377 926 anteit

141 949 337 1003 Remigis
356 949 569 1001 officium;
602 953 764 1003 quanto
784 948 875 991 dux
895 950 1030 992 milite
1047 951 1186 1005 major
1205 964 1215 1002 ;

136 1015 280 1058 Tanto
301 1031 380 1071 ego
401 1020 443 1058 te
462 1029 640 1070 supero.
701 1015 799 1058 Nec
820 1029 906 1057 non
927 1017 972 1057 in
995 1030 1178 1072 corpore
1196 1023 1347 1059 nostro

140 1083 330 1125 Pectora
350 1088 450 1125 sunt
470 1083 650 1137 potiora
667 1095 797 1124 manu
815 1097 825 1124 ε
857 1085 980 1137 vigor
1001 1084 1143 1125 omnis
1163 1086 1206 1126 in
1226 1085 1333 1127 illis.

142 1150 200 1192 At
221 1141 316 1201 vos,
338 1164 364 1192 o
385 1151 618 1200 Proceres,
640 1150 763 1202 vigili
784 1149 883 1191 date
901 1151 1084 1204 praemia
1105 1155 1279 1205 vcstr03
1515 1155 1600 1195 370

73 1259 79 1263 ,
140 1217 310 1272 Proque
330 1222 396 1259 tot
415 1231 624 1259 annorum
645 1217 778 1267 curis,
800 1231 909 1271 quas
928 1218 1088 1259 anxius
1110 1219 1196 1272 egi,

139 1283 271 1326 Hunc
292 1285 463 1326 titulum
484 1285 652 1326 meritis
673 1283 942 1338 pensandum
961 1284 1131 1327 reddite
1154 1286 1329 1328 nostriS.

138 1351 168 1394 J
172 1365 243 1394 am
263 1353 390 1394 labor
409 1352 454 1394 in
474 1352 558 1393 fine
579 1356 658 1393 est.
691 1350 925 1393 Obstantia
941 1351 1032 1394 sata
1051 1354 1242 1396 removi:

140 1462 236 1493 monis
246 1473 256 1493 .-
278 1472 372 1503 neque
395 1463 498 1494 minue
522 1463 712 1503 Idomeneus,
733 1466 765 1493 et
780 1463 939 1493 Meriones
952 1465 1055 1494 eodem
1077 1464 1140 1493 loco
1165 1464 1313 1494 oriundus
1324 1474 1336 1500 ;
1351 1463 1460 1502 frater
1475 1465 1600 1504 majoris

139 1505 265 1536 Atridoe
277 1509 422 1545 posceret.
471 1506 594 1544 Quippe
607 1514 698 1535 mmm
712 1505 832 1540 strenui
853 1505 970 1545 (neque
985 1508 1056 1535 sunt
1071 1505 1131 1535 tibi
1142 1504 1307 1543 inferiores
1323 1505 1425 1545 bello)
1445 1512 1601 1538 cesserunt

138 1547 276 1578 consiliis
289 1547 376 1578 meis.
425 1547 530 1578 Habes
546 1557 670 1577 monum
684 1547 760 1577 bello
778 1548 907 1583 utilem,·
927 1547 1089 1586 ingenium
1103 1551 1150 1578 est
1163 1549 1242 1587 quod
1256 1558 1331 1589 opus
1344 1548 1434 1580 habet
1447 1550 1601 1589 regimine

139 1590 248 1620 nour-i.
296 1589 341 1620 Tu
351 1589 440 1628 geris
454 1590 535 1620 vires
549 1590 616 1620 sine
629 1590 797 1628 prudentia
808 1599 820 1625 ‚·
841 1599 898 1629 ego
912 1599 1018 1620 curam
1032 1589 1125 1620 liabeo
1133 1589 1253 1627 futuri.
1301 1591 1346 1621 Tu
1360 1594 1447 1631 potes
1458 1595 1578 1623 certare
1589 1604 1600 1623 .-

140 1631 268 1662 .itridee
279 1632 369 1671 eligit
384 1642 498 1662 mecum
523 1636 661 1671 tempora
676 1632 828 1663 certandi.
877 1632 924 1662 Tu
939 1631 1028 1662 utilis
1041 1641 1072 1661 es
1087 1635 1209 1662 tantum
1223 1642 1361 1673 corpore,
1385 1643 1440 1664 nos
1455 1634 1580 1674 ingenio
1591 1646 1601 1666 .·

139 1677 171 1704 et
185 1677 298 1713 quanio
311 1675 363 1714 qui
385 1676 560 1704 moderatur
584 1674 655 1704 navi
678 1674 875 1713 praepom'tur
886 1674 1007 1703 muneri
1021 1674 1151 1711 remigis
1163 1685 1173 1709 ,·
1195 1679 1308 1713 quanto
1319 1676 1385 1706 dux
1398 1678 1601 1716 praestaniior

141 1716 239 1748 ›nitiee
247 1727 261 1754 ,-
271 1720 358 1747 tauto
370 1726 425 1755 ego
440 1716 500 1746 tibi
512 1716 664 1755 praecello.
685 1717 790 1755 Neque
806 1725 865 1745 non
875 1718 922 1745 est
934 1715 1054 1746 animus
1065 1716 1264 1747 excellentior
1276 1727 1365 1747 ηιαηιι
1376 1719 1407 1748 in
1422 1723 1525 1750 nostro
1535 1730 1602 1750 cor-

140 1768 224 1797 pore.
274 1758 329 1790 Vie
343 1758 441 1789 omnis
456 1759 488 1789 in
501 1758 566 1788 ino.
613 1758 658 1788 At
674 1767 735 1796 cos,
750 1768 766 1786 o
785 1758 971 1798 optimates,
987 1757 1124 1796 conferte
1140 1761 1308 1790 mercedem
1322 1760 1355 1790 in
1370 1764 1506 1792 cestrum
1521 1761 1603 1801 vigi-

141 1802 200 1831 lem
213 1811 224 1837 ,·
246 1804 277 1832 et
295 1811 353 1841 pro
367 1801 562 1831 solicitudine
586 1803 631 1830 tot
654 1810 815 1835 annorum,
839 1810 912 1839 quoe
936 1801 1096 1831 transmisi
1121 1803 1318 1841 irrequietus,
1343 1804 1495 1834 concedite
1520 1805 1601 1835 hunc

141 1843 285 1875 honorem
309 1844 538 1884 expendendum
566 1843 682 1874 nostrie
708 1842 873 1884 beneficiis,
917 1844 993 1874 Jam
1021 1844 1106 1874 labor
1131 1844 1163 1874 in
1179 1844 1249 1886 fine
1281 1848 1338 1877 est.
1384 1845 1506 1877 Sustuli
1527 1846 1602 1886 fata

753 1929 990 1941 ooooooooooo

143 1983 177 2013 in
192 1982 277 2019 illie:
299 1983 366 2021 vel‚
386 1993 460 2023 pars
475 1987 518 2013 ent
543 1993 600 2014 suo
615 1983 715 2014 laudis
730 1987 760 2014 et
776 1983 945 2014 fua—3⁵9
968 1983 1018 2014 Fi.
1035 1984 1069 2014 S.
1087 1984 1198 2015 Marci
1224 1987 1390 2024 peterent,·
1413 1988 1449 2015 et
1465 1994 1512 2015 VS.
1530 1994 1601 2028 seq.

145 2025 267 2065 Quippe
282 2026 531 2056 monus...Mnrt.
557 2027 707 2057 secundam
732 2027 848 2057 Heius.
864 2026 953 2065 conj.
976 2026 1098 2066 Quippe
1123 2027 1234 2057 animoe
1251 2027 1367 2067 sortes,
1381 2027 1440 2058 tibi
1457 2038 1511 2059 nec
1527 2029 1602 2059 Ma-

143 2071 229 2099 vorte
242 2068 379 2099 secundi.
393 2069 470 2099 Duo
482 2069 582 2099 etiam
599 2068 694 2099 Leid.
711 2069 787 2098 mihi
804 2078 865 2108 pro
881 2068 1062 2100 tibi.--3o2
1081 2070 1188 2099 Nostri
1205 2074 1255 2100 est
1272 2080 1312 2100 ex
1330 2080 1381 2110 pr.
1400 2070 1473 2101 Pal.
1488 2081 1495 2101 :
1510 2071 1603 2112 vulg.

142 2113 265 2140 nostro:
288 2109 395 2141 Gron.
414 2115 449 2141 et
473 2120 555 2141 unus
575 2111 692 2141 Heius.
719 2114 922 2141 cerm—803
948 2112 1007 2142 Est
1034 2112 1131 2142 abest
1149 2111 1220 2142 sere
1237 2113 1391 2143 omnibns
1407 2113 1602 2152 scriptis.—

143 2154 206 2184 365
229 2152 362 2183 Bersm.
379 2153 412 2182 in
437 2153 587 2189 margine
610 2157 645 2184 et
671 2153 755 2183 editi
783 2153 932 2194 quidam,
957 2164 1083 2194 corpore
1110 2154 1322 2194 pellem—368
1346 2155 1446 2185 Tanto
1469 2156 1604 2196 recepit

143 2194 260 2226 Burm.
275 2204 337 2234 pro
353 2195 445 2234 vulg.
461 2198 698 2226 lantum—371
728 2196 847 2226 licius.
866 2196 987 2227 suadet
1004 2206 1021 2227 c
1038 2196 1158 2235 tribus,
1174 2207 1247 2236 quos
1261 2197 1376 2226 ansius
1390 2199 1455 2235 egi,
1476 2197 1602 2237 impro-

144 2236 250 2268 bante
276 2238 394 2269 Burm.
418 2238 566 2279 Recepit
592 2237 732 2269 Mitsch.
761 2238 869 2280 quiet
893 2248 965 2269 cura
987 2239 1092 2270 habet
1120 2249 1138 2269 e
1156 2239 1314 2269 F1.—372
1339 2239 1491 2270 Berolin.
1514 2241 1602 2273 redd.

798 2339 943 2370 NOTAE

145 2419 183 2446 ut
193 2413 332 2455 scripsit
344 2412 609 2452 Homerus,cum
621 2411 846 2452 quadraginta
899 2413 1045 2453 Trojano
1060 2413 1177 2453 gessit.

142 2464 285 2497 navibus
301 2464 587 2503 Agamemnonem
603 2462 638 2494 in
655 2462 845 2503 expeditio-
941 2467 1005 2496 359
1050 2464 1223 2504 Meriones]
1282 2464 1500 2496 Fortissimus
1537 2465 1604 2499 suit

144 2525 221 2548 nem
235 2515 416 2556 Trojanam
433 2519 484 2545 ent
501 2518 648 2545 secutus.
901 2515 1075 2546 Idomenei
1092 2515 1220 2556 auriga,
1250 2516 1356 2547 Marti
1380 2515 1445 2556 ipsi
1465 2524 1601 2557 compa-

189 2566 308 2606 Natm]
338 2566 447 2597 Thoas
463 2571 526 2604 est,
540 2565 697 2605 princeps
719 2563 846 2596 AEtolo-
901 2565 1037 2596 raudus.

146 2627 234 2656 rum,
260 2617 318 2658 qui
345 2628 418 2648 cnm
449 2617 669 2658 quadraginta
707 2615 845 2646 navibus
944 2617 1074 2657 Frater]
1120 2616 1309 2652 Menelaus,
1339 2615 1602 2655 Agamemnonis

144 2665 263 2698 itidem
287 2667 329 2697 ad
354 2667 477 2698 bellurn
493 2667 674 2708 ‘ri-ojanum
697 2672 747 2697 est
772 2676 845 2706 pro·
899 2666 1017 2706 frater,
1035 2667 1131 2699 Atrei
1149 2676 1280 2707 quoquc
1297 2665 1397 2696 finus.

147 2716 272 2749 fectus.
940 2722 1002 2750 365
1028 2717 1171 2756 Atriden]
1209 2717 1454 2757 Agamemnon,
1470 2727 1529 2750 rex
1548 2727 1599 2751 re.-

187 2769 251 2798 358
273 2767 468 2808 Idomeneus]
516 2769 590 2800 Rex
616 2768 679 2799 fuit
703 2770 845 2800 Creten·
900 2779 987 2809 guni.

145 2816 309 2856 sium,qni
324 2827 359 2847 se
372 2827 506 2859 quoque
516 2817 698 2849 fortissime
712 2819 745 2849 in
758 2818 845 2850 bello
942 2823 1003 2851 373
1028 2817 1146 2858 Labor]
1187 2817 1264 2850 Quo
1285 2817 1317 2848 in
1336 2818 1486 2850 eruenda
1499 2818 1600 2860 Troja

232 2869 347 2910 Detpk.
360 2874 391 2901 et
415 2871 488 2902 Var.
504 2872 587 2903 Cha.
834 2873 926 2905 ovid.
1436 2876 1455 2903 ὅ
1480 2871 1514 2904 Η
