1831 3023
551 259 1026 293 unrauonpnosnou
1058 262 1152 294 nm.
1185 264 1252 297 v1.
1514 255 1627 298 1195

177 356 565 410 Orchomenosque
581 355 726 404 ferox,
747 359 792 396 et
809 355 966 396 nobilis
986 368 1073 397 aere
1094 355 1340 407 Corinthos,

177 425 466 478 Messeneque
484 423 622 472 ferax,
645 422 897 475 Patraeque,
919 422 1194 476 humilesque
1215 422 1410 474 Cleonae,

175 491 235 533 Et
255 492 396 533 Nelea
416 490 566 544 Pylos,
586 502 729 543 neque
752 490 897 530 adhuc
920 489 1113 530 Pittheia
1130 489 1334 540 Troezen,

176 557 381 612 Quaeque
403 558 532 598 urbes
553 557 651 597 aliae
671 557 828 598 bimari
848 556 1110 598 clauduntur
1128 558 1184 598 ab
1205 556 1390 608 Isthmo,

175 625 469 680 Exteriusque
489 627 586 666 sitae
607 625 766 666 bimari
785 629 1039 679 spectantur
1057 625 1114 665 ab
1135 624 1317 666 Isthmo.

175 690 363 733 Credere
382 693 480 745 quis
502 693 673 746 possit?
705 692 811 732 solae
833 692 1024 733 cessatis
1045 690 1246 733 Athenae.

175 757 359 801 Obstitit
377 758 520 800 officio
538 760 702 801 bellum
719 773 730 810 ;
761 760 1060 813 subvectaque
1081 762 1221 813 ponto

175 825 373 867 Barbara
394 826 664 881 Mopsopios
685 829 904 868 terrebant
924 828 1095 882 agmina
1113 839 1279 868 murOS.

174 893 405 935 Threicius
421 894 586 936 Tereus
607 895 704 937 haec
726 896 1018 936 auxiliaribus
1039 895 1172 936 armis

1544 625 1628 667 420

168 992 279 1034 perbu,
294 996 325 1024 et
345 993 512 1024 Corinthus
526 995 654 1026 celebris
668 1006 742 1034 oere,
757 999 787 1027 et
802 996 941 1027 Messene
948 995 1061 1034 seras,
1075 998 1105 1026 et
1123 994 1242 1034 Patrae,
1257 998 1289 1025 et
1312 994 1436 1034 exig-me
1452 994 1586 1035 Cleonoe,
1598 999 1629 1026 et

174 1035 277 1076 Pylas
293 1037 411 1075 Nelaea,
426 1040 457 1067 et
475 1037 598 1068 Traezen
613 1040 744 1069 nondum
767 1039 924 1078 Pittheia,
939 1041 969 1069 et
985 1039 1074 1068 urbes
1088 1038 1160 1068 aliae
1175 1048 1241 1078 qua:
1255 1038 1444 1068 clauduntur
1457 1037 1495 1067 ab
1511 1038 1629 1069 Isthmo

173 1077 299 1118 bimari,
314 1083 343 1109 et
354 1080 463 1119 positoe
478 1081 616 1111 exterius
627 1082 858 1122 conspiciuntur
869 1081 907 1111 ab
924 1081 1042 1111 Isthmo
1057 1080 1180 1119 bimari,
1202 1083 1391 1119 rogat-erunt
1408 1090 1476 1110 suos
1493 1090 1580 1120 reges
1595 1084 1630 1111 ut

172 1122 348 1152 accederent
363 1123 537 1153 consolandi
559 1124 676 1163 gracia.
725 1125 806 1160 Quis
826 1126 923 1164 possit
931 1123 1031 1165 fidem
1056 1121 1226 1154 adhibere?
1249 1124 1320 1153 soloe
1349 1123 1482 1154 Athenae
1507 1123 1632 1154 deestis.

173 1163 393 1195 Humanitatis
414 1166 511 1206 officio
535 1166 644 1196 benum
666 1167 883 1207 impedimento
898 1166 980 1204 fuit,
997 1170 1026 1196 et
1050 1166 1207 1196 exercitus
1232 1165 1378 1196 barbarus
1402 1166 1552 1196 adductus
1575 1175 1632 1206 per

172 1216 260 1238 mure
276 1208 451 1238 imminebat
468 1210 566 1240 muris
580 1209 764 1250 Mopsopiis.
800 1210 911 1240 Tereus
931 1209 1079 1240 Thracius
1100 1209 1178 1239 hunc
1186 1208 1360 1248 sugaterut
1381 1208 1478 1239 armis
1499 1209 1633 1239 auxilia-

787 1281 1021 1293 oooaeeeeaeeaeoe

166 1334 273 1372 ferox.
312 1334 431 1366 Heius.
461 1335 580 1367 scribit
616 1338 889 1377 Orchomenosque.
920 1337 1102 1375 Pheraeque,
1140 1339 1170 1365 et
1198 1335 1374 1366 nain—417
1406 1335 1502 1365 Mess.
1532 1333 1633 1371 ferax

174 1376 310 1418 quidam
325 1377 571 1408 habens—418
597 1378 663 1409 Alii
681 1379 833 1410 scribunt
848 1379 1012 1414 Pinetum·
1034 1377 1091 1408 lib.
1109 1383 1193 1408 vett.
1218 1377 1489 1407 michem—420
1506 1376 1546 1407 In
1562 1377 1635 1417 qui-

173 1418 315 1449 busdam
332 1420 503 1451 omittitur
530 1421 582 1451 hic
609 1424 842 1452 versus—421
874 1421 979 1451 Possit
997 1425 1032 1451 et
1055 1420 1182 1450 cessatis
1208 1419 1376 1456 meliores,
1405 1424 1495 1450 teste
1511 1418 1634 1450 Heins.

173 1461 229 1492 alii
263 1465 365 1501 posset
392 1468 427 1493 et
452 1463 714 1495 cessastis—422
749 1464 844 1495 Vett.
874 1464 933 1494 lib.
957 1463 1158 1502 subvectaque
1183 1471 1244 1503 pro
1271 1463 1359 1501 vulg.
1385 1461 1633 1502 subjectaque.—

172 1506 235 1536 423
260 1504 360 1546 Vulg.
375 1505 473 1536 Baro.
492 1506 666 1546 Cecropios.
691 1506 730 1537 ln
747 1506 878 1537 duobus
895 1504 1028 1537 Ciofani
1044 1511 1080 1536 et
1097 1506 1245 1546 Capran.
1262 1505 1431 1545 Mosopios.
1468 1504 1508 1535 In
1524 1504 1631 1536 altero

830 1583 975 1616 NOTAE

171 1658 345 1698 Mycenae,
360 1668 444 1701 quas
457 1659 597 1700 Pelops,
612 1660 665 1691 vel
690 1662 784 1691 certe
800 1659 873 1700 ejus

171 1711 311 1750 posteri,
327 1711 461 1741 auxisse
477 1710 645 1742 feruntur.

214 1761 276 1790 415
302 1760 456 1802 Calydon]
479 1761 612 1792 AEtoliae
629 1766 681 1792 est
703 1762 777 1793 liaec
793 1762 873 1793 civi·

173 1814 226 1841 tas
255 1810 298 1841 ad
329 1811 557 1851 Peloponnesi
573 1812 876 1852 Septemtrionem,

172 1861 206 1891 in
229 1861 323 1901 cujus
348 1871 446 1901 agros
469 1867 567 1892 torva
594 1868 628 1892 et
649 1862 735 1892 irata
751 1862 872 1901 Diana,

172 1911 260 1952 quod
290 1911 334 1943 ab
364 1911 475 1943 OEneo
504 1922 582 1952 rege
610 1913 778 1953 primitias
800 1912 873 1943 Diis

171 1959 341 1991 offerente
361 1962 540 2001 praeterita
563 1968 667 2000 esset,
691 1971 810 2002 aprum
826 1961 874 1992 fe-

170 2010 379 2040 rocissimum
405 2010 556 2051 immisit,
570 2021 669 2052 quem
697 2012 875 2052 Meleager

168 2061 346 2092 mactavit.

212 2113 277 2142 416
302 2110 525 2151 Orchomenos]
550 2110 754 2142 Arcadicam
777 2111 875 2152 dicit,

169 2170 269 2204 quam
279 2160 462 2193 feracitate
479 2162 581 2192 etiam
598 2160 766 2192 Homerus
784 2171 874 2193 com-

167 2212 363 2250 mendavit;
386 2222 462 2243 nam
483 2212 548 2242 alia
563 2217 617 2243 est
635 2211 789 2243 Boeotiae.

211 2262 304 2303 AEre]
329 2263 440 2302 Capta
467 2273 486 2293 a
515 2263 552 2293 L.
570 2262 735 2293 Mummio
762 2266 798 2293 et
824 2262 873 2293 iu-

168 2322 270 2345 censa
281 2314 458 2351 Corintho,
469 2314 606 2344 Achaiae
624 2312 750 2353 capite,
762 2313 873 2344 incen-

171 2363 226 2395 dio
254 2364 424 2405 permistis
452 2364 606 2405 plurimis
632 2363 751 2394 statuis
768 2369 872 2404 atque

167 2413 367 2454 simulacris,
383 2414 473 2453 aeris,
498 2414 580 2453 auri,
603 2414 803 2456 argentique
820 2424 874 2445 ve-

167 2474 220 2497 nae
237 2465 270 2496 iu
286 2475 463 2497 commune
479 2464 620 2496 fluxere.
665 2465 779 2506 Atque
796 2465 874 2496 hinc

168 2520 242 2549 toto
259 2517 340 2548 orbe
358 2516 529 2547 laudatum
546 2527 590 2547 aes·
606 2516 828 2547 Corinthium.

210 2571 272 2600 ⁴17
298 2568 454 2608 Messene]
490 2568 668 2598 Messeniae
687 2574 738 2597 est
757 2568 789 2597 in
808 2567 872 2598 Pe-

169 2617 366 2658 loponneso,
391 2620 489 2659 cujus
514 2618 631 2649 incolae
651 2618 748 2649 hellis
771 2618 873 2658 pluri-

170 2667 233 2698 mis
256 2667 418 2701 adversus
444 2668 718 2700 Lacedaemonio·
745 2669 874 2700 clarue-

173 2722 264 2749 runt.

216 2766 341 2807 Patroe]
355 2767 444 2800 Sunt
458 2768 492 2799 in
509 2767 649 2809 Achaia,
661 2769 704 2802 ad
721 2770 876 2813 Septem-

175 2817 330 2850 trionem.

973 1657 1111 1697 Cleonae]
1136 1657 1348 1698 Oppidul'um
1362 1655 1547 1697 Argolidis.

970 1711 1034 1740 418
1058 1707 1170 1747 Nelea]
1194 1707 1223 1738 Α
1239 1707 1348 1738 Neleo
1363 1706 1520 1738 Nestoris
1535 1710 1633 1747 patre

929 1763 1085 1799 regnata,
1096 1758 1128 1788 in
1142 1757 1314 1788 Messenia
1327 1757 1410 1787 sita:
1425 1766 1504 1787 nam
1519 1757 1633 1797 plures

929 1811 1036 1842 fuisse
1052 1810 1125 1850 jam
1142 1809 1246 1840 semel
1262 1809 1462 1839 monuimus.

976 1859 1115 1899 Troezm]
1152 1859 1243 1890 Urbs
1275 1864 1328 1890 est
1357 1858 1543 1899 Argolidis,
1575 1858 1633 1890 ubi

930 1909 1102 1948 Pittheus,
1124 1909 1264 1949 AEthrae‚
1295 1909 1412 1940 matris
1425 1909 1628 1950 Thesei,pa·

932 1965 998 1997 ter,
1013 1959 1161 1990 nondum
1175 1959 1448 1999 imperitaverat.

971 2013 1035 2040 419
1059 2009 1201 2049 Rimari]
1222 2009 1370 2040 Isthmus
1390 2010 1516 2040 dicitur
1542 2013 1635 2040 terra

930 2061 1020 2092 inter
1035 2061 1101 2091 duo
1113 2060 1218 2091 maria
1230 2065 1418 2097 coarctata,
1432 2066 1534 2101 atque
1548 2059 1635 2091 adeo

930 2109 1089 2148 bimaris;
1125 2109 1293 2150 quomodo
1318 2110 1371 2140 hic
1397 2110 1634 2142 Corinthiacus

930 2161 1034 2200 AEgeo
1050 2165 1086 2192 et
1104 2159 1200 2191 Ionio
1218 2160 1367 2191 alluitur.

975 2210 1189 2251 clauduntur]
1223 2210 1351 2241 Isthmo
1377 2211 1507 2242 clausas
1539 2211 1637 2243 intel-

930 2265 997 2306 lige
1014 2264 1115 2295 urbes
1141 2272 1223 2304 quas
1246 2262 1350 2293 habet
1367 2263 1638 2304 Peloponnesus.

970 2317 1032 2347 421
1059 2315 1193 2346 Credere
1219 2314 1302 2354 quis]
1326 2313 1401 2344 Hoc
1425 2313 1467 2344 ad
1493 2313 1635 2345 Atheni-

928 2366 1057 2397 ensium
1084 2364 1342 2396 celeberrimam
1370 2363 1455 2396 facit
1483 2363 1635 2396 humaui-

929 2422 1047 2448 tatem.

971 2469 1033 2498 423
1047 2464 1239 2506 Mopsopios]
1254 2464 1493 2503 Athenienses,
1505 2475 1525 2496 a
1537 2465 1635 2505 Mop-

925 2526 1008 2558 sopo
1025 2526 1103 2557 rege
1119 2517 1166 2547 sic
1185 2515 1320 2553 ductos;
1343 2517 1373 2546 in
1392 2526 1475 2557 quos
1493 2515 1634 2546 Amazo-

928 2577 988 2597 nes
1025 2567 1081 2597 illo
1120 2572 1285 2606 tempore,
1317 2566 1443 2597 auxilio
1477 2564 1635 2596 assumtis

926 2618 1076 2659 Scythis,
1093 2618 1329 2649 incursatum:
1355 2626 1420 2658 qua
1435 2616 1478 2646 de
1503 2624 1538 2646 re
1554 2614 1635 2647 Jus-

930 2670 1033 2700 tinus.

972 2722 1035 2751 424
1062 2717 1190 2759 Tereus]
1211 2716 1364 2749 Thraciae
1380 2725 1440 2747 rex
1452 2714 1529 2756 suit,
1543 2714 1635 2748 Mar-

929 2769 975 2801 tis
991 2767 1091 2800 filius.
