<?xml version="1.0" encoding="UTF-8"?>
<!DOCTYPE html PUBLIC "-//W3C//DTD XHTML 1.0 Transitional//EN"
    "http://www.w3.org/TR/xhtml1/DTD/xhtml1-transitional.dtd">
<html xmlns="http://www.w3.org/1999/xhtml" xml:lang="en" lang="en">
 <head>
  <title>
</title>
<meta http-equiv="Content-Type" content="text/html;charset=utf-8" />
  <meta name='ocr-system' content='tesseract 3.04.00' />
  <meta name='ocr-capabilities' content='ocr_page ocr_carea ocr_par ocr_line ocrx_word'/>
</head>
<body>
  <div class='ocr_page' id='page_1' title='image "./operaomniaexedit03oviduoft_0486.png"; bbox 0 0 1831 3023; ppageno 0'>
   <div class='ocr_carea' id='block_1_1' title="bbox 177 241 1143 284">
    <p class='ocr_par' dir='ltr' id='par_1_1' title="bbox 177 241 1143 284">
     <span class='ocr_line' id='line_1_1' title="bbox 177 241 1143 284; baseline -0.006 0"><span class='ocrx_word' id='word_1_1' title='bbox 177 241 289 284; x_wconf 82' lang='lat'>1550</span> <span class='ocrx_word' id='word_1_2' title='bbox 664 249 708 281; x_wconf 68' lang='grc' dir='ltr'>ι’.</span> <span class='ocrx_word' id='word_1_3' title='bbox 741 248 901 279; x_wconf 73' lang='lat' dir='ltr'>ovinn</span> <span class='ocrx_word' id='word_1_4' title='bbox 932 247 1143 279; x_wconf 75' lang='lat' dir='ltr'>NAsoms</span> 
     </span>
    </p>
   </div>
   <div class='ocr_carea' id='block_1_2' title="bbox 176 341 1632 1391">
    <p class='ocr_par' dir='ltr' id='par_1_2' title="bbox 179 341 1511 462">
     <span class='ocr_line' id='line_1_2' title="bbox 179 341 1511 398; baseline -0.005 -9"><span class='ocrx_word' id='word_1_5' title='bbox 179 346 330 388; x_wconf 89' lang='lat' dir='ltr'>Crevit</span> <span class='ocrx_word' id='word_1_6' title='bbox 350 359 484 398; x_wconf 91' lang='lat' dir='ltr'>onus;</span> <span class='ocrx_word' id='word_1_7' title='bbox 516 357 658 398; x_wconf 88' lang='lat' dir='ltr'>neque</span> <span class='ocrx_word' id='word_1_8' title='bbox 679 344 826 392; x_wconf 87' lang='lat' dir='ltr'>habet,</span> <span class='ocrx_word' id='word_1_9' title='bbox 856 355 966 395; x_wconf 86' lang='lat' dir='ltr'>quas</span> <span class='ocrx_word' id='word_1_10' title='bbox 986 342 1131 391; x_wconf 85' lang='lat' dir='ltr'>ducat,</span> <span class='ocrx_word' id='word_1_11' title='bbox 1153 341 1333 397; x_wconf 85' lang='lat' dir='ltr'>spiritus</span> <span class='ocrx_word' id='word_1_12' title='bbox 1354 353 1511 396; x_wconf 84' lang='lat' dir='ltr'>auras;</span> 
     </span>
     <span class='ocr_line' id='line_1_3' title="bbox 180 410 1288 462; baseline -0.005 -6"><span class='ocrx_word' id='word_1_13' title='bbox 180 414 341 455; x_wconf 89' lang='lat' dir='ltr'>Deficit</span> <span class='ocrx_word' id='word_1_14' title='bbox 360 413 574 454; x_wconf 87' lang='lat' dir='ltr'>interdum</span> <span class='ocrx_word' id='word_1_15' title='bbox 593 426 602 453; x_wconf 76' lang='grc' dir='ltr'>ε</span> <span class='ocrx_word' id='word_1_16' title='bbox 634 411 765 452; x_wconf 89' lang='lat' dir='ltr'>modo</span> <span class='ocrx_word' id='word_1_17' title='bbox 787 423 833 450; x_wconf 90' lang='lat' dir='ltr'>se</span> <span class='ocrx_word' id='word_1_18' title='bbox 855 422 988 462; x_wconf 88' lang='lat' dir='ltr'>super</span> <span class='ocrx_word' id='word_1_19' title='bbox 1007 410 1108 452; x_wconf 76' lang='lat' dir='ltr'>a&#39;era</span> <span class='ocrx_word' id='word_1_20' title='bbox 1127 411 1288 452; x_wconf 85' lang='lat' dir='ltr'>frustra</span> 
     </span>
    </p>

    <p class='ocr_par' dir='ltr' id='par_1_3' title="bbox 177 476 1217 531">
     <span class='ocr_line' id='line_1_4' title="bbox 177 476 1217 531; baseline -0.003 -9"><span class='ocrx_word' id='word_1_21' title='bbox 177 481 352 522; x_wconf 78' lang='lat' dir='ltr'>Tollere</span> <span class='ocrx_word' id='word_1_22' title='bbox 372 486 564 528; x_wconf 87' lang='lat' dir='ltr'>conatur,</span> <span class='ocrx_word' id='word_1_23' title='bbox 578 479 809 531; x_wconf 85' lang='lat' dir='ltr'>jactasque</span> <span class='ocrx_word' id='word_1_24' title='bbox 829 476 1028 516; x_wconf 89' lang='lat' dir='ltr'>evolvere</span> <span class='ocrx_word' id='word_1_25' title='bbox 1046 478 1217 531; x_wconf 84' lang='lat' dir='ltr'>sylvas:</span> 
     </span>
    </p>

    <p class='ocr_par' dir='ltr' id='par_1_4' title="bbox 177 542 1630 665">
     <span class='ocr_line' id='line_1_5' title="bbox 179 542 1630 600; baseline -0.002 -12"><span class='ocrx_word' id='word_1_26' title='bbox 179 546 487 600; x_wconf 82' lang='lat' dir='ltr'>Interdumque</span> <span class='ocrx_word' id='word_1_27' title='bbox 509 549 681 585; x_wconf 88' lang='lat' dir='ltr'>movet:</span> <span class='ocrx_word' id='word_1_28' title='bbox 712 544 859 593; x_wconf 84' lang='lat' dir='ltr'>veluti,</span> <span class='ocrx_word' id='word_1_29' title='bbox 882 557 1011 598; x_wconf 91' lang='lat' dir='ltr'>quam</span> <span class='ocrx_word' id='word_1_30' title='bbox 1033 546 1260 595; x_wconf 87' lang='lat' dir='ltr'>cernimus,</span> <span class='ocrx_word' id='word_1_31' title='bbox 1282 557 1399 594; x_wconf 84' lang='lat' dir='ltr'>ecce,</span> <span class='ocrx_word' id='word_1_32' title='bbox 1543 542 1630 585; x_wconf 74' lang='lat'>5⁶20</span> 
     </span>
     <span class='ocr_line' id='line_1_6' title="bbox 177 611 1097 665; baseline -0.004 -9"><span class='ocrx_word' id='word_1_33' title='bbox 177 615 330 656; x_wconf 82' lang='lat' dir='ltr'>Ardua</span> <span class='ocrx_word' id='word_1_34' title='bbox 351 615 388 654; x_wconf 92' lang='lat' dir='ltr'>si</span> <span class='ocrx_word' id='word_1_35' title='bbox 408 616 532 653; x_wconf 86' lang='lat' dir='ltr'>terrae</span> <span class='ocrx_word' id='word_1_36' title='bbox 551 612 773 665; x_wconf 83' lang='lat' dir='ltr'>quatiatur</span> <span class='ocrx_word' id='word_1_37' title='bbox 792 612 985 653; x_wconf 87' lang='lat' dir='ltr'>motibus</span> <span class='ocrx_word' id='word_1_38' title='bbox 1006 611 1097 653; x_wconf 90' lang='lat' dir='ltr'>Ide.</span> 
     </span>
    </p>

    <p class='ocr_par' dir='ltr' id='par_1_5' title="bbox 179 679 1230 732">
     <span class='ocr_line' id='line_1_7' title="bbox 179 679 1230 732; baseline -0.003 -10"><span class='ocrx_word' id='word_1_39' title='bbox 179 680 337 723; x_wconf 86' lang='lat' dir='ltr'>Exitus</span> <span class='ocrx_word' id='word_1_40' title='bbox 356 680 402 719; x_wconf 93' lang='lat' dir='ltr'>in</span> <span class='ocrx_word' id='word_1_41' title='bbox 422 680 553 720; x_wconf 92' lang='lat' dir='ltr'>dubio</span> <span class='ocrx_word' id='word_1_42' title='bbox 573 682 638 719; x_wconf 88' lang='lat' dir='ltr'>est</span> <span class='ocrx_word' id='word_1_43' title='bbox 655 692 666 720; x_wconf 72' lang='grc' dir='ltr'>ε</span> <span class='ocrx_word' id='word_1_44' title='bbox 699 679 775 719; x_wconf 89' lang='lat' dir='ltr'>alii</span> <span class='ocrx_word' id='word_1_45' title='bbox 801 679 882 719; x_wconf 90' lang='lat' dir='ltr'>sub</span> <span class='ocrx_word' id='word_1_46' title='bbox 904 679 1051 719; x_wconf 85' lang='lat' dir='ltr'>inania</span> <span class='ocrx_word' id='word_1_47' title='bbox 1072 692 1230 732; x_wconf 89' lang='lat' dir='ltr'>corpus</span> 
     </span>
    </p>

    <p class='ocr_par' dir='ltr' id='par_1_6' title="bbox 178 746 1205 800">
     <span class='ocr_line' id='line_1_8' title="bbox 178 746 1205 800; baseline -0.001 -12"><span class='ocrx_word' id='word_1_48' title='bbox 178 749 366 788; x_wconf 86' lang='lat' dir='ltr'>Tartara</span> <span class='ocrx_word' id='word_1_49' title='bbox 385 746 608 787; x_wconf 89' lang='lat' dir='ltr'>detrusum</span> <span class='ocrx_word' id='word_1_50' title='bbox 628 746 848 800; x_wconf 84' lang='lat' dir='ltr'>sylvarum</span> <span class='ocrx_word' id='word_1_51' title='bbox 868 747 983 787; x_wconf 89' lang='lat' dir='ltr'>mole</span> <span class='ocrx_word' id='word_1_52' title='bbox 1003 746 1205 787; x_wconf 86' lang='lat' dir='ltr'>ferebant.</span> 
     </span>
    </p>

    <p class='ocr_par' dir='ltr' id='par_1_7' title="bbox 178 812 1332 868">
     <span class='ocr_line' id='line_1_9' title="bbox 178 812 1332 868; baseline -0.002 -13"><span class='ocrx_word' id='word_1_53' title='bbox 178 814 351 855; x_wconf 90' lang='lat' dir='ltr'>Abnuit</span> <span class='ocrx_word' id='word_1_54' title='bbox 371 812 669 868; x_wconf 84' lang='lat' dir='ltr'>Ampycides:</span> <span class='ocrx_word' id='word_1_55' title='bbox 699 812 930 864; x_wconf 84' lang='lat' dir='ltr'>medioque</span> <span class='ocrx_word' id='word_1_56' title='bbox 953 826 1011 853; x_wconf 82' lang='lat' dir='ltr'>ex</span> <span class='ocrx_word' id='word_1_57' title='bbox 1030 826 1183 864; x_wconf 84' lang='lat' dir='ltr'>aggere</span> <span class='ocrx_word' id='word_1_58' title='bbox 1201 813 1332 854; x_wconf 85' lang='lat' dir='ltr'>fulvis</span> 
     </span>
    </p>

    <p class='ocr_par' dir='ltr' id='par_1_8' title="bbox 177 878 1631 1056">
     <span class='ocr_line' id='line_1_10' title="bbox 177 878 1631 933; baseline -0.005 -11"><span class='ocrx_word' id='word_1_59' title='bbox 177 880 304 922; x_wconf 88' lang='lat' dir='ltr'>Vidit</span> <span class='ocrx_word' id='word_1_60' title='bbox 325 894 451 921; x_wconf 87' lang='lat' dir='ltr'>avem</span> <span class='ocrx_word' id='word_1_61' title='bbox 471 880 627 933; x_wconf 88' lang='lat' dir='ltr'>pennis</span> <span class='ocrx_word' id='word_1_62' title='bbox 647 878 839 931; x_wconf 87' lang='lat' dir='ltr'>liquidas</span> <span class='ocrx_word' id='word_1_63' title='bbox 861 879 982 917; x_wconf 87' lang='lat' dir='ltr'>exire</span> <span class='ocrx_word' id='word_1_64' title='bbox 1003 880 1084 918; x_wconf 91' lang='lat' dir='ltr'>sub</span> <span class='ocrx_word' id='word_1_65' title='bbox 1107 890 1261 921; x_wconf 81' lang='lat' dir='ltr'>auras:</span> <span class='ocrx_word' id='word_1_66' title='bbox 1545 878 1631 920; x_wconf 70' lang='grc'>525</span> 
     </span>
     <span class='ocr_line' id='line_1_11' title="bbox 179 945 1524 998; baseline -0.001 -11"><span class='ocrx_word' id='word_1_67' title='bbox 179 947 293 998; x_wconf 84' lang='lat' dir='ltr'>Quae</span> <span class='ocrx_word' id='word_1_68' title='bbox 313 947 419 987; x_wconf 87' lang='lat' dir='ltr'>mihi</span> <span class='ocrx_word' id='word_1_69' title='bbox 440 952 543 986; x_wconf 84' lang='lat' dir='ltr'>tunc</span> <span class='ocrx_word' id='word_1_70' title='bbox 562 945 764 998; x_wconf 89' lang='lat' dir='ltr'>primum,</span> <span class='ocrx_word' id='word_1_71' title='bbox 782 948 882 985; x_wconf 87' lang='lat' dir='ltr'>tunc</span> <span class='ocrx_word' id='word_1_72' title='bbox 904 949 971 985; x_wconf 89' lang='lat' dir='ltr'>est</span> <span class='ocrx_word' id='word_1_73' title='bbox 992 946 1239 996; x_wconf 88' lang='lat' dir='ltr'>conspecta</span> <span class='ocrx_word' id='word_1_74' title='bbox 1260 956 1524 997; x_wconf 89' lang='lat' dir='ltr'>supremum.</span> 
     </span>
     <span class='ocr_line' id='line_1_12' title="bbox 180 1011 1218 1056; baseline -0.005 0"><span class='ocrx_word' id='word_1_75' title='bbox 180 1014 310 1056; x_wconf 87' lang='lat' dir='ltr'>Hanc</span> <span class='ocrx_word' id='word_1_76' title='bbox 332 1015 407 1055; x_wconf 92' lang='lat' dir='ltr'>ubi</span> <span class='ocrx_word' id='word_1_77' title='bbox 426 1015 677 1055; x_wconf 84' lang='lat' dir='ltr'>lustrantem</span> <span class='ocrx_word' id='word_1_78' title='bbox 697 1012 784 1052; x_wconf 88' lang='lat' dir='ltr'>leni</span> <span class='ocrx_word' id='word_1_79' title='bbox 806 1024 884 1051; x_wconf 86' lang='lat' dir='ltr'>sua</span> <span class='ocrx_word' id='word_1_80' title='bbox 903 1015 1047 1052; x_wconf 86' lang='lat' dir='ltr'>castra</span> <span class='ocrx_word' id='word_1_81' title='bbox 1066 1011 1218 1051; x_wconf 90' lang='lat' dir='ltr'>volatu</span> 
     </span>
    </p>

    <p class='ocr_par' dir='ltr' id='par_1_9' title="bbox 179 1079 1284 1136">
     <span class='ocr_line' id='line_1_13' title="bbox 179 1079 1284 1136; baseline -0.005 -12"><span class='ocrx_word' id='word_1_82' title='bbox 179 1083 386 1136; x_wconf 83' lang='lat' dir='ltr'>Mopsus,</span> <span class='ocrx_word' id='word_1_83' title='bbox 409 1086 450 1122; x_wconf 88' lang='lat' dir='ltr'>et</span> <span class='ocrx_word' id='word_1_84' title='bbox 468 1081 629 1133; x_wconf 86' lang='lat' dir='ltr'>ingenti</span> <span class='ocrx_word' id='word_1_85' title='bbox 650 1081 816 1120; x_wconf 87' lang='lat' dir='ltr'>circum</span> <span class='ocrx_word' id='word_1_86' title='bbox 839 1079 1038 1132; x_wconf 84' lang='lat' dir='ltr'>clangore</span> <span class='ocrx_word' id='word_1_87' title='bbox 1058 1081 1284 1120; x_wconf 85' lang='lat' dir='ltr'>sonantem</span> 
     </span>
    </p>

    <p class='ocr_par' dir='ltr' id='par_1_10' title="bbox 176 1146 1289 1204">
     <span class='ocr_line' id='line_1_14' title="bbox 176 1146 1289 1204; baseline -0.004 -14"><span class='ocrx_word' id='word_1_88' title='bbox 176 1149 382 1204; x_wconf 80' lang='lat' dir='ltr'>Aspexit,</span> <span class='ocrx_word' id='word_1_89' title='bbox 401 1149 644 1201; x_wconf 83' lang='lat' dir='ltr'>pariterque</span> <span class='ocrx_word' id='word_1_90' title='bbox 665 1146 804 1187; x_wconf 87' lang='lat' dir='ltr'>oculis</span> <span class='ocrx_word' id='word_1_91' title='bbox 825 1146 1060 1200; x_wconf 87' lang='lat' dir='ltr'>animoque</span> <span class='ocrx_word' id='word_1_92' title='bbox 1082 1149 1261 1187; x_wconf 88' lang='lat' dir='ltr'>secutus</span> <span class='ocrx_word' id='word_1_93' title='bbox 1278 1158 1289 1197; x_wconf 89' lang='lat'>;</span> 
     </span>
    </p>

    <p class='ocr_par' dir='ltr' id='par_1_11' title="bbox 177 1212 1632 1391">
     <span class='ocr_line' id='line_1_15' title="bbox 177 1212 1632 1268; baseline -0.002 -11"><span class='ocrx_word' id='word_1_94' title='bbox 177 1216 217 1256; x_wconf 91' lang='grc' dir='ltr'><strong>Ο</strong></span> <span class='ocrx_word' id='word_1_95' title='bbox 239 1217 377 1265; x_wconf 87' lang='lat' dir='ltr'>salve,</span> <span class='ocrx_word' id='word_1_96' title='bbox 398 1216 526 1265; x_wconf 81' lang='lat' dir='ltr'>dixit,</span> <span class='ocrx_word' id='word_1_97' title='bbox 541 1214 787 1268; x_wconf 84' lang='lat' dir='ltr'>Lapithaeae</span> <span class='ocrx_word' id='word_1_98' title='bbox 807 1214 945 1266; x_wconf 88' lang='lat' dir='ltr'>gloria</span> <span class='ocrx_word' id='word_1_99' title='bbox 965 1214 1117 1266; x_wconf 81' lang='lat' dir='ltr'>gentis,</span> <span class='ocrx_word' id='word_1_100' title='bbox 1547 1212 1632 1254; x_wconf 81' lang='lat'>530</span> 
     </span>
     <span class='ocr_line' id='line_1_16' title="bbox 178 1279 1452 1335; baseline -0.002 -11"><span class='ocrx_word' id='word_1_101' title='bbox 178 1283 397 1333; x_wconf 88' lang='lat' dir='ltr'>Maxima,</span> <span class='ocrx_word' id='word_1_102' title='bbox 415 1283 482 1323; x_wconf 90' lang='lat' dir='ltr'>vir</span> <span class='ocrx_word' id='word_1_103' title='bbox 502 1281 738 1335; x_wconf 88' lang='lat' dir='ltr'>quondam,</span> <span class='ocrx_word' id='word_1_104' title='bbox 759 1281 835 1321; x_wconf 90' lang='lat' dir='ltr'>sed</span> <span class='ocrx_word' id='word_1_105' title='bbox 855 1292 969 1321; x_wconf 90' lang='lat' dir='ltr'>nunc</span> <span class='ocrx_word' id='word_1_106' title='bbox 991 1280 1088 1322; x_wconf 90' lang='lat' dir='ltr'>avis</span> <span class='ocrx_word' id='word_1_107' title='bbox 1107 1281 1250 1331; x_wconf 87' lang='lat' dir='ltr'>unica,</span> <span class='ocrx_word' id='word_1_108' title='bbox 1273 1279 1452 1322; x_wconf 87' lang='lat' dir='ltr'>Caeneu.</span> 
     </span>
     <span class='ocr_line' id='line_1_17' title="bbox 180 1348 1395 1391; baseline -0.002 0"><span class='ocrx_word' id='word_1_109' title='bbox 180 1349 357 1391; x_wconf 88' lang='lat' dir='ltr'>Credita</span> <span class='ocrx_word' id='word_1_110' title='bbox 373 1363 444 1391; x_wconf 88' lang='lat' dir='ltr'>res</span> <span class='ocrx_word' id='word_1_111' title='bbox 464 1353 644 1391; x_wconf 89' lang='lat' dir='ltr'>auctore</span> <span class='ocrx_word' id='word_1_112' title='bbox 666 1362 746 1390; x_wconf 89' lang='lat' dir='ltr'>suo</span> <span class='ocrx_word' id='word_1_113' title='bbox 768 1352 850 1390; x_wconf 86' lang='lat' dir='ltr'>est.</span> <span class='ocrx_word' id='word_1_114' title='bbox 911 1348 1055 1390; x_wconf 90' lang='lat' dir='ltr'>Dolor</span> <span class='ocrx_word' id='word_1_115' title='bbox 1074 1348 1242 1390; x_wconf 90' lang='lat' dir='ltr'>addidit</span> <span class='ocrx_word' id='word_1_116' title='bbox 1262 1348 1395 1389; x_wconf 87' lang='lat' dir='ltr'>iram:</span> 
     </span>
    </p>
   </div>
   <div class='ocr_carea' id='block_1_3' title="bbox 177 1474 1635 1854">
    <p class='ocr_par' dir='ltr' id='par_1_12' title="bbox 177 1474 1635 1854">
     <span class='ocr_line' id='line_1_18' title="bbox 178 1474 1633 1517; baseline -0.001 -11"><span class='ocrx_word' id='word_1_117' title='bbox 178 1486 272 1517; x_wconf 82' lang='lat' dir='ltr'>neque</span> <span class='ocrx_word' id='word_1_118' title='bbox 284 1477 385 1507; x_wconf 79' lang='lat' dir='ltr'>anima</span> <span class='ocrx_word' id='word_1_119' title='bbox 397 1476 486 1507; x_wconf 81' lang='lat' dir='ltr'>habet</span> <span class='ocrx_word' id='word_1_120' title='bbox 501 1477 603 1507; x_wconf 67' lang='lat' dir='ltr'>aiirem</span> <span class='ocrx_word' id='word_1_121' title='bbox 618 1486 704 1516; x_wconf 78' lang='lat' dir='ltr'>quem</span> <span class='ocrx_word' id='word_1_122' title='bbox 720 1477 857 1513; x_wconf 79' lang='lat' dir='ltr'>hauriat,</span> <span class='ocrx_word' id='word_1_123' title='bbox 872 1486 1086 1516; x_wconf 79' lang='lat' dir='ltr'>nonnunquam</span> <span class='ocrx_word' id='word_1_124' title='bbox 1097 1475 1263 1516; x_wconf 73' lang='lat' dir='ltr'>deliquium</span> <span class='ocrx_word' id='word_1_125' title='bbox 1277 1475 1409 1515; x_wconf 81' lang='lat' dir='ltr'>patitur,</span> <span class='ocrx_word' id='word_1_126' title='bbox 1422 1474 1576 1506; x_wconf 81' lang='lat' dir='ltr'>interdum</span> <span class='ocrx_word' id='word_1_127' title='bbox 1585 1475 1633 1505; x_wconf 82' lang='lat' dir='ltr'>in·</span> 
     </span>
     <span class='ocr_line' id='line_1_19' title="bbox 177 1517 1633 1558; baseline -0.001 -9"><span class='ocrx_word' id='word_1_128' title='bbox 177 1529 295 1550; x_wconf 82' lang='lat' dir='ltr'>cassum</span> <span class='ocrx_word' id='word_1_129' title='bbox 307 1521 409 1549; x_wconf 80' lang='lat' dir='ltr'>tentat</span> <span class='ocrx_word' id='word_1_130' title='bbox 423 1528 486 1548; x_wconf 84' lang='lat' dir='ltr'>sese</span> <span class='ocrx_word' id='word_1_131' title='bbox 501 1519 621 1557; x_wconf 81' lang='lat' dir='ltr'>erigere</span> <span class='ocrx_word' id='word_1_132' title='bbox 634 1519 667 1548; x_wconf 80' lang='lat' dir='ltr'>in</span> <span class='ocrx_word' id='word_1_133' title='bbox 683 1519 798 1556; x_wconf 73' lang='lat' dir='ltr'>aiirem,</span> <span class='ocrx_word' id='word_1_134' title='bbox 812 1522 902 1558; x_wconf 88' lang='lat' dir='ltr'>atque</span> <span class='ocrx_word' id='word_1_135' title='bbox 917 1522 1060 1549; x_wconf 77' lang='lat' dir='ltr'>excutere</span> <span class='ocrx_word' id='word_1_136' title='bbox 1074 1519 1226 1549; x_wconf 82' lang='lat' dir='ltr'>immissas</span> <span class='ocrx_word' id='word_1_137' title='bbox 1239 1517 1372 1548; x_wconf 85' lang='lat' dir='ltr'>arbores.</span> <span class='ocrx_word' id='word_1_138' title='bbox 1416 1517 1522 1557; x_wconf 80' lang='lat' dir='ltr'>Atque</span> <span class='ocrx_word' id='word_1_139' title='bbox 1536 1517 1633 1548; x_wconf 80' lang='lat' dir='ltr'>inter-</span> 
     </span>
     <span class='ocr_line' id='line_1_20' title="bbox 177 1560 1634 1600; baseline -0.001 -9"><span class='ocrx_word' id='word_1_140' title='bbox 177 1562 249 1591; x_wconf 83' lang='lat' dir='ltr'>dum</span> <span class='ocrx_word' id='word_1_141' title='bbox 263 1564 362 1591; x_wconf 78' lang='lat' dir='ltr'>movet</span> <span class='ocrx_word' id='word_1_142' title='bbox 373 1571 384 1596; x_wconf 90' lang='lat'>‚·</span> <span class='ocrx_word' id='word_1_143' title='bbox 408 1564 551 1600; x_wconf 77' lang='lat' dir='ltr'>tanquam</span> <span class='ocrx_word' id='word_1_144' title='bbox 568 1560 622 1590; x_wconf 83' lang='lat' dir='ltr'>Ide</span> <span class='ocrx_word' id='word_1_145' title='bbox 637 1571 726 1600; x_wconf 82' lang='lat' dir='ltr'>quam</span> <span class='ocrx_word' id='word_1_146' title='bbox 747 1561 896 1599; x_wconf 69' lang='lat' dir='ltr'>videmus,</span> <span class='ocrx_word' id='word_1_147' title='bbox 910 1571 946 1591; x_wconf 80' lang='lat' dir='ltr'>en</span> <span class='ocrx_word' id='word_1_148' title='bbox 962 1561 1031 1597; x_wconf 77' lang='lat' dir='ltr'>tibi,</span> <span class='ocrx_word' id='word_1_149' title='bbox 1043 1560 1070 1590; x_wconf 82' lang='lat' dir='ltr'>si</span> <span class='ocrx_word' id='word_1_150' title='bbox 1085 1561 1223 1599; x_wconf 79' lang='lat' dir='ltr'>agitetur</span> <span class='ocrx_word' id='word_1_151' title='bbox 1238 1560 1368 1590; x_wconf 77' lang='lat' dir='ltr'>motibus</span> <span class='ocrx_word' id='word_1_152' title='bbox 1380 1562 1484 1590; x_wconf 83' lang='lat' dir='ltr'>terrae.</span> <span class='ocrx_word' id='word_1_153' title='bbox 1531 1560 1634 1590; x_wconf 77' lang='lat' dir='ltr'>Even-</span> 
     </span>
     <span class='ocr_line' id='line_1_21' title="bbox 178 1601 1633 1643; baseline -0.001 -10"><span class='ocrx_word' id='word_1_154' title='bbox 178 1606 229 1633; x_wconf 82' lang='lat' dir='ltr'>tus</span> <span class='ocrx_word' id='word_1_155' title='bbox 258 1603 393 1633; x_wconf 79' lang='lat' dir='ltr'>incertus</span> <span class='ocrx_word' id='word_1_156' title='bbox 416 1606 472 1633; x_wconf 79' lang='lat' dir='ltr'>est.</span> <span class='ocrx_word' id='word_1_157' title='bbox 520 1603 669 1632; x_wconf 80' lang='lat' dir='ltr'>Nonnulli</span> <span class='ocrx_word' id='word_1_158' title='bbox 696 1603 838 1633; x_wconf 78' lang='lat' dir='ltr'>dicebant</span> <span class='ocrx_word' id='word_1_159' title='bbox 864 1613 972 1642; x_wconf 74' lang='lat' dir='ltr'>corpus</span> <span class='ocrx_word' id='word_1_160' title='bbox 999 1607 1136 1633; x_wconf 82' lang='lat' dir='ltr'>coactum</span> <span class='ocrx_word' id='word_1_161' title='bbox 1166 1604 1207 1632; x_wconf 81' lang='lat' dir='ltr'>ad</span> <span class='ocrx_word' id='word_1_162' title='bbox 1238 1601 1361 1639; x_wconf 83' lang='lat' dir='ltr'>Inferos</span> <span class='ocrx_word' id='word_1_163' title='bbox 1383 1602 1480 1632; x_wconf 79' lang='lat' dir='ltr'>exiles</span> <span class='ocrx_word' id='word_1_164' title='bbox 1500 1603 1633 1643; x_wconf 80' lang='lat' dir='ltr'>pondere</span> 
     </span>
     <span class='ocr_line' id='line_1_22' title="bbox 178 1643 1633 1685; baseline -0.001 -10"><span class='ocrx_word' id='word_1_165' title='bbox 178 1646 332 1676; x_wconf 82' lang='lat' dir='ltr'>arborum.</span> <span class='ocrx_word' id='word_1_166' title='bbox 378 1645 565 1685; x_wconf 79' lang='lat' dir='ltr'>Ampycides</span> <span class='ocrx_word' id='word_1_167' title='bbox 588 1644 739 1684; x_wconf 64' lang='lat' dir='ltr'>diffitetur</span> <span class='ocrx_word' id='word_1_168' title='bbox 752 1655 764 1681; x_wconf 91' lang='lat'><em>;</em></span> <span class='ocrx_word' id='word_1_169' title='bbox 786 1648 878 1684; x_wconf 79' lang='lat' dir='ltr'>atque</span> <span class='ocrx_word' id='word_1_170' title='bbox 904 1645 983 1675; x_wconf 82' lang='lat' dir='ltr'>vidit</span> <span class='ocrx_word' id='word_1_171' title='bbox 1001 1645 1107 1675; x_wconf 82' lang='lat' dir='ltr'>alitem</span> <span class='ocrx_word' id='word_1_172' title='bbox 1121 1645 1230 1683; x_wconf 70' lang='lat' dir='ltr'>pennis</span> <span class='ocrx_word' id='word_1_173' title='bbox 1244 1644 1392 1684; x_wconf 76' lang='lat' dir='ltr'>subflavis</span> <span class='ocrx_word' id='word_1_174' title='bbox 1406 1644 1529 1675; x_wconf 82' lang='lat' dir='ltr'>mittere</span> <span class='ocrx_word' id='word_1_175' title='bbox 1551 1653 1584 1675; x_wconf 82' lang='lat' dir='ltr'>se</span> <span class='ocrx_word' id='word_1_176' title='bbox 1599 1643 1633 1674; x_wconf 82' lang='lat' dir='ltr'>in</span> 
     </span>
     <span class='ocr_line' id='line_1_23' title="bbox 179 1685 1632 1727; baseline 0 -11"><span class='ocrx_word' id='word_1_177' title='bbox 179 1687 424 1727; x_wconf 61' lang='lat' dir='ltr'>aeremfluidum</span> <span class='ocrx_word' id='word_1_178' title='bbox 452 1696 490 1716; x_wconf 81' lang='lat' dir='ltr'>ex</span> <span class='ocrx_word' id='word_1_179' title='bbox 515 1686 613 1716; x_wconf 84' lang='lat' dir='ltr'>medio</span> <span class='ocrx_word' id='word_1_180' title='bbox 639 1686 766 1721; x_wconf 81' lang='lat' dir='ltr'>cumulo,</span> <span class='ocrx_word' id='word_1_181' title='bbox 791 1696 858 1725; x_wconf 85' lang='lat' dir='ltr'>quae</span> <span class='ocrx_word' id='word_1_182' title='bbox 881 1695 901 1715; x_wconf 91' lang='lat' dir='ltr'>a</span> <span class='ocrx_word' id='word_1_183' title='bbox 929 1696 975 1716; x_wconf 83' lang='lat' dir='ltr'>me</span> <span class='ocrx_word' id='word_1_184' title='bbox 997 1689 1062 1715; x_wconf 85' lang='lat' dir='ltr'>tum</span> <span class='ocrx_word' id='word_1_185' title='bbox 1077 1687 1220 1724; x_wconf 76' lang='lat' dir='ltr'>primum,</span> <span class='ocrx_word' id='word_1_186' title='bbox 1236 1689 1302 1716; x_wconf 86' lang='lat' dir='ltr'>tum</span> <span class='ocrx_word' id='word_1_187' title='bbox 1315 1686 1476 1717; x_wconf 78' lang='lat' dir='ltr'>novissime</span> <span class='ocrx_word' id='word_1_188' title='bbox 1490 1688 1536 1716; x_wconf 80' lang='lat' dir='ltr'>est</span> <span class='ocrx_word' id='word_1_189' title='bbox 1555 1685 1632 1716; x_wconf 77' lang='lat' dir='ltr'>visa.</span> 
     </span>
     <span class='ocr_line' id='line_1_24' title="bbox 183 1727 1635 1767; baseline -0.001 -8"><span class='ocrx_word' id='word_1_190' title='bbox 183 1730 261 1759; x_wconf 80' lang='lat' dir='ltr'>Cum</span> <span class='ocrx_word' id='word_1_191' title='bbox 289 1730 414 1767; x_wconf 84' lang='lat' dir='ltr'>Mopsus</span> <span class='ocrx_word' id='word_1_192' title='bbox 436 1737 502 1758; x_wconf 86' lang='lat' dir='ltr'>eam</span> <span class='ocrx_word' id='word_1_193' title='bbox 528 1728 607 1758; x_wconf 79' lang='lat' dir='ltr'>vidit</span> <span class='ocrx_word' id='word_1_194' title='bbox 633 1727 791 1758; x_wconf 78' lang='lat' dir='ltr'>obeuntem</span> <span class='ocrx_word' id='word_1_195' title='bbox 804 1738 860 1758; x_wconf 84' lang='lat' dir='ltr'>sua</span> <span class='ocrx_word' id='word_1_196' title='bbox 875 1729 1001 1767; x_wconf 80' lang='lat' dir='ltr'>agmina</span> <span class='ocrx_word' id='word_1_197' title='bbox 1016 1729 1097 1757; x_wconf 87' lang='lat' dir='ltr'>lento</span> <span class='ocrx_word' id='word_1_198' title='bbox 1120 1728 1234 1766; x_wconf 74' lang='lat' dir='ltr'>volatu,</span> <span class='ocrx_word' id='word_1_199' title='bbox 1255 1731 1284 1757; x_wconf 87' lang='lat' dir='ltr'>et</span> <span class='ocrx_word' id='word_1_200' title='bbox 1310 1727 1426 1758; x_wconf 80' lang='lat' dir='ltr'>circum</span> <span class='ocrx_word' id='word_1_201' title='bbox 1447 1730 1635 1767; x_wconf 76' lang='lat' dir='ltr'>strepentem</span> 
     </span>
     <span class='ocr_line' id='line_1_25' title="bbox 178 1769 1634 1809; baseline 0 -9"><span class='ocrx_word' id='word_1_202' title='bbox 178 1780 290 1809; x_wconf 81' lang='lat' dir='ltr'>magna</span> <span class='ocrx_word' id='word_1_203' title='bbox 313 1780 395 1808; x_wconf 80' lang='lat' dir='ltr'>voce,</span> <span class='ocrx_word' id='word_1_204' title='bbox 414 1774 605 1809; x_wconf 79' lang='lat' dir='ltr'>prosecutus,</span> <span class='ocrx_word' id='word_1_205' title='bbox 629 1770 720 1801; x_wconf 81' lang='lat' dir='ltr'>simul</span> <span class='ocrx_word' id='word_1_206' title='bbox 740 1769 835 1801; x_wconf 79' lang='lat' dir='ltr'>oculis</span> <span class='ocrx_word' id='word_1_207' title='bbox 856 1774 888 1801; x_wconf 86' lang='lat' dir='ltr'>et</span> <span class='ocrx_word' id='word_1_208' title='bbox 911 1773 1024 1805; x_wconf 85' lang='lat' dir='ltr'>mente,</span> <span class='ocrx_word' id='word_1_209' title='bbox 1042 1770 1081 1807; x_wconf 92' lang='grc'>0,</span> <span class='ocrx_word' id='word_1_210' title='bbox 1106 1770 1219 1809; x_wconf 82' lang='lat' dir='ltr'>inquit,</span> <span class='ocrx_word' id='word_1_211' title='bbox 1235 1771 1316 1800; x_wconf 75' lang='lat' dir='ltr'>salve</span> <span class='ocrx_word' id='word_1_212' title='bbox 1333 1770 1448 1808; x_wconf 81' lang='lat' dir='ltr'>Ceneu,</span> <span class='ocrx_word' id='word_1_213' title='bbox 1461 1769 1566 1809; x_wconf 80' lang='lat' dir='ltr'>gloria</span> <span class='ocrx_word' id='word_1_214' title='bbox 1580 1779 1634 1800; x_wconf 85' lang='lat' dir='ltr'>na-</span> 
     </span>
     <span class='ocr_line' id='line_1_26' title="bbox 178 1811 1634 1854; baseline 0 -11"><span class='ocrx_word' id='word_1_215' title='bbox 178 1813 271 1844; x_wconf 72' lang='lat' dir='ltr'>tionis</span> <span class='ocrx_word' id='word_1_216' title='bbox 285 1813 472 1853; x_wconf 80' lang='lat' dir='ltr'>Lapithoeoe,</span> <span class='ocrx_word' id='word_1_217' title='bbox 488 1813 560 1844; x_wconf 77' lang='lat' dir='ltr'>olim</span> <span class='ocrx_word' id='word_1_218' title='bbox 575 1813 624 1843; x_wconf 72' lang='lat' dir='ltr'>vir</span> <span class='ocrx_word' id='word_1_219' title='bbox 638 1812 785 1853; x_wconf 73' lang='lat' dir='ltr'>maxime,</span> <span class='ocrx_word' id='word_1_220' title='bbox 801 1814 854 1844; x_wconf 82' lang='lat' dir='ltr'>sed</span> <span class='ocrx_word' id='word_1_221' title='bbox 869 1823 950 1844; x_wconf 82' lang='lat' dir='ltr'>nunc</span> <span class='ocrx_word' id='word_1_222' title='bbox 964 1812 1032 1843; x_wconf 78' lang='lat' dir='ltr'>avis</span> <span class='ocrx_word' id='word_1_223' title='bbox 1052 1811 1153 1843; x_wconf 75' lang='lat' dir='ltr'>unica.</span> <span class='ocrx_word' id='word_1_224' title='bbox 1198 1813 1263 1843; x_wconf 80' lang='lat' dir='ltr'>Res</span> <span class='ocrx_word' id='word_1_225' title='bbox 1279 1812 1382 1854; x_wconf 84' lang='lat' dir='ltr'>fidem</span> <span class='ocrx_word' id='word_1_226' title='bbox 1395 1812 1516 1843; x_wconf 82' lang='lat' dir='ltr'>invenit</span> <span class='ocrx_word' id='word_1_227' title='bbox 1529 1815 1634 1844; x_wconf 81' lang='lat' dir='ltr'>aucto·</span> 
     </span>
    </p>
   </div>
   <div class='ocr_carea' id='block_1_4' title="bbox 788 1896 1023 1908">
    <p class='ocr_par' dir='ltr' id='par_1_13' title="bbox 788 1896 1023 1908">
     <span class='ocr_line' id='line_1_27' title="bbox 788 1896 1023 1908; baseline 0 -1"><span class='ocrx_word' id='word_1_228' title='bbox 788 1896 1023 1908; x_wconf 65' lang='lat' dir='ltr'>oeeeaeoeaeeeoe</span> 
     </span>
    </p>
   </div>
   <div class='ocr_carea' id='block_1_5' title="bbox 177 1956 1633 2252">
    <p class='ocr_par' dir='ltr' id='par_1_14' title="bbox 177 1956 1633 2252">
     <span class='ocr_line' id='line_1_28' title="bbox 179 1956 1633 1999; baseline 0.002 -11"><span class='ocrx_word' id='word_1_229' title='bbox 179 1956 493 1998; x_wconf 72' lang='lat' dir='ltr'>conjectaque.--516</span> <span class='ocrx_word' id='word_1_230' title='bbox 516 1957 611 1989; x_wconf 89' lang='lat' dir='ltr'>Med.</span> <span class='ocrx_word' id='word_1_231' title='bbox 627 1967 712 1989; x_wconf 89' lang='lat' dir='ltr'>unus</span> <span class='ocrx_word' id='word_1_232' title='bbox 727 1968 781 1989; x_wconf 87' lang='lat' dir='ltr'>ora</span> <span class='ocrx_word' id='word_1_233' title='bbox 795 1960 1042 1998; x_wconf 82' lang='lat' dir='ltr'>manusq.—5l7</span> <span class='ocrx_word' id='word_1_234' title='bbox 1067 1957 1185 1989; x_wconf 90' lang='lat' dir='ltr'>Heins.</span> <span class='ocrx_word' id='word_1_235' title='bbox 1199 1957 1293 1989; x_wconf 83' lang='lat' dir='ltr'>malit</span> <span class='ocrx_word' id='word_1_236' title='bbox 1307 1968 1374 1999; x_wconf 84' lang='lat' dir='ltr'>quo,</span> <span class='ocrx_word' id='word_1_237' title='bbox 1390 1958 1445 1989; x_wconf 84' lang='lat' dir='ltr'>vel</span> <span class='ocrx_word' id='word_1_238' title='bbox 1458 1968 1517 1999; x_wconf 76' lang='lat' dir='ltr'>qua</span> <span class='ocrx_word' id='word_1_239' title='bbox 1530 1959 1633 1991; x_wconf 77' lang='lat' dir='ltr'>ducat.</span> 
     </span>
     <span class='ocr_line' id='line_1_29' title="bbox 178 2000 1633 2041; baseline 0.001 -11"><span class='ocrx_word' id='word_1_240' title='bbox 178 2003 285 2032; x_wconf 85' lang='lat'>-518</span> <span class='ocrx_word' id='word_1_241' title='bbox 309 2000 467 2031; x_wconf 84' lang='lat' dir='ltr'>Heidelb.</span> <span class='ocrx_word' id='word_1_242' title='bbox 488 2011 554 2041; x_wconf 85' lang='lat' dir='ltr'>sup.</span> <span class='ocrx_word' id='word_1_243' title='bbox 580 2001 817 2032; x_wconf 83' lang='lat' dir='ltr'>oethera.—522</span> <span class='ocrx_word' id='word_1_244' title='bbox 843 2000 999 2031; x_wconf 85' lang='lat' dir='ltr'>Heideib.</span> <span class='ocrx_word' id='word_1_245' title='bbox 1026 2000 1085 2031; x_wconf 80' lang='lat' dir='ltr'>alii</span> <span class='ocrx_word' id='word_1_246' title='bbox 1112 2010 1166 2040; x_wconf 85' lang='lat' dir='ltr'>per</span> <span class='ocrx_word' id='word_1_247' title='bbox 1188 2000 1380 2032; x_wconf 67' lang='lat' dir='ltr'>inam—523</span> <span class='ocrx_word' id='word_1_248' title='bbox 1404 2002 1457 2031; x_wconf 80' lang='lat' dir='ltr'>Fi.</span> <span class='ocrx_word' id='word_1_249' title='bbox 1475 2001 1506 2031; x_wconf 87' lang='lat' dir='ltr'>S.</span> <span class='ocrx_word' id='word_1_250' title='bbox 1522 2001 1633 2032; x_wconf 85' lang='lat' dir='ltr'>Marci</span> 
     </span>
     <span class='ocr_line' id='line_1_30' title="bbox 183 2043 1633 2083; baseline 0 -10"><span class='ocrx_word' id='word_1_251' title='bbox 183 2043 271 2073; x_wconf 85' lang='lat' dir='ltr'>Tart.</span> <span class='ocrx_word' id='word_1_252' title='bbox 294 2045 566 2074; x_wconf 69' lang='lat' dir='ltr'>retrusum-524</span> <span class='ocrx_word' id='word_1_253' title='bbox 589 2044 669 2074; x_wconf 82' lang='lat' dir='ltr'>Bas.</span> <span class='ocrx_word' id='word_1_254' title='bbox 692 2045 771 2074; x_wconf 81' lang='lat' dir='ltr'>med.</span> <span class='ocrx_word' id='word_1_255' title='bbox 796 2043 851 2074; x_wconf 84' lang='lat' dir='ltr'>sub</span> <span class='ocrx_word' id='word_1_256' title='bbox 866 2045 1051 2082; x_wconf 84' lang='lat' dir='ltr'>agg.—-526</span> <span class='ocrx_word' id='word_1_257' title='bbox 1076 2043 1115 2073; x_wconf 92' lang='lat' dir='ltr'>In</span> <span class='ocrx_word' id='word_1_258' title='bbox 1133 2047 1216 2073; x_wconf 81' lang='lat' dir='ltr'>vett.</span> <span class='ocrx_word' id='word_1_259' title='bbox 1233 2043 1321 2074; x_wconf 90' lang='lat' dir='ltr'>Edd.</span> <span class='ocrx_word' id='word_1_260' title='bbox 1345 2044 1476 2074; x_wconf 77' lang='lat' dir='ltr'>volucris</span> <span class='ocrx_word' id='word_1_261' title='bbox 1498 2052 1558 2083; x_wconf 87' lang='lat' dir='ltr'>pro</span> <span class='ocrx_word' id='word_1_262' title='bbox 1581 2053 1633 2074; x_wconf 83' lang='lat' dir='ltr'>su-</span> 
     </span>
     <span class='ocr_line' id='line_1_31' title="bbox 177 2085 1633 2125; baseline 0.001 -11"><span class='ocrx_word' id='word_1_263' title='bbox 177 2093 335 2124; x_wconf 81' lang='lat' dir='ltr'>premum.-</span> <span class='ocrx_word' id='word_1_264' title='bbox 358 2090 392 2115; x_wconf 89' lang='lat' dir='ltr'>et</span> <span class='ocrx_word' id='word_1_265' title='bbox 410 2085 441 2115; x_wconf 87' lang='lat' dir='ltr'>in</span> <span class='ocrx_word' id='word_1_266' title='bbox 459 2086 532 2116; x_wconf 88' lang='lat' dir='ltr'>aliis</span> <span class='ocrx_word' id='word_1_267' title='bbox 546 2086 648 2116; x_wconf 80' lang='lat' dir='ltr'>etiam</span> <span class='ocrx_word' id='word_1_268' title='bbox 664 2095 743 2116; x_wconf 81' lang='lat' dir='ltr'>nunc</span> <span class='ocrx_word' id='word_1_269' title='bbox 759 2089 804 2117; x_wconf 81' lang='lat' dir='ltr'>est</span> <span class='ocrx_word' id='word_1_270' title='bbox 815 2096 916 2125; x_wconf 79' lang='lat' dir='ltr'>consp.</span> <span class='ocrx_word' id='word_1_271' title='bbox 962 2085 1003 2116; x_wconf 90' lang='lat' dir='ltr'>In</span> <span class='ocrx_word' id='word_1_272' title='bbox 1020 2085 1217 2125; x_wconf 85' lang='lat' dir='ltr'>quibusdam</span> <span class='ocrx_word' id='word_1_273' title='bbox 1232 2090 1345 2116; x_wconf 89' lang='lat' dir='ltr'>autem</span> <span class='ocrx_word' id='word_1_274' title='bbox 1361 2085 1503 2116; x_wconf 86' lang='lat' dir='ltr'>vetustis</span> <span class='ocrx_word' id='word_1_275' title='bbox 1520 2094 1633 2116; x_wconf 87' lang='lat' dir='ltr'>exem·</span> 
     </span>
     <span class='ocr_line' id='line_1_32' title="bbox 179 2126 1633 2167; baseline 0.002 -12"><span class='ocrx_word' id='word_1_276' title='bbox 179 2126 331 2165; x_wconf 73' lang='lat' dir='ltr'>plan-ibus</span> <span class='ocrx_word' id='word_1_277' title='bbox 346 2137 521 2166; x_wconf 84' lang='lat' dir='ltr'>supremum</span> <span class='ocrx_word' id='word_1_278' title='bbox 535 2128 682 2167; x_wconf 81' lang='lat' dir='ltr'>legitur:</span> <span class='ocrx_word' id='word_1_279' title='bbox 706 2138 792 2159; x_wconf 87' lang='lat' dir='ltr'>unus</span> <span class='ocrx_word' id='word_1_280' title='bbox 810 2129 912 2158; x_wconf 85' lang='lat' dir='ltr'>etiam</span> <span class='ocrx_word' id='word_1_281' title='bbox 936 2126 979 2158; x_wconf 86' lang='lat' dir='ltr'>A.</span> <span class='ocrx_word' id='word_1_282' title='bbox 1000 2131 1072 2158; x_wconf 78' lang='lat' dir='ltr'>tunc</span> <span class='ocrx_word' id='word_1_283' title='bbox 1096 2131 1139 2157; x_wconf 77' lang='lat' dir='ltr'>est</span> <span class='ocrx_word' id='word_1_284' title='bbox 1160 2127 1235 2158; x_wconf 77' lang='lat' dir='ltr'>mihi</span> <span class='ocrx_word' id='word_1_285' title='bbox 1261 2128 1326 2158; x_wconf 70' lang='lat' dir='ltr'>visa</span> <span class='ocrx_word' id='word_1_286' title='bbox 1345 2129 1535 2167; x_wconf 56' lang='lat' dir='ltr'>supa—528</span> <span class='ocrx_word' id='word_1_287' title='bbox 1557 2127 1633 2158; x_wconf 87' lang='lat' dir='ltr'>Me-</span> 
     </span>
     <span class='ocr_line' id='line_1_33' title="bbox 180 2168 1631 2210; baseline 0.002 -13"><span class='ocrx_word' id='word_1_288' title='bbox 180 2168 278 2198; x_wconf 77' lang='lat' dir='ltr'>liores</span> <span class='ocrx_word' id='word_1_289' title='bbox 306 2169 440 2208; x_wconf 85' lang='lat' dir='ltr'>plurimi</span> <span class='ocrx_word' id='word_1_290' title='bbox 464 2171 628 2209; x_wconf 86' lang='lat' dir='ltr'>clangore;</span> <span class='ocrx_word' id='word_1_291' title='bbox 652 2171 759 2201; x_wconf 82' lang='lat' dir='ltr'>ceteri</span> <span class='ocrx_word' id='word_1_292' title='bbox 773 2171 1021 2201; x_wconf 56' lang='lat' dir='ltr'>clamore—529</span> <span class='ocrx_word' id='word_1_293' title='bbox 1046 2169 1148 2200; x_wconf 81' lang='lat' dir='ltr'>Multi</span> <span class='ocrx_word' id='word_1_294' title='bbox 1164 2174 1248 2199; x_wconf 88' lang='lat' dir='ltr'>vett.</span> <span class='ocrx_word' id='word_1_295' title='bbox 1270 2169 1365 2200; x_wconf 82' lang='lat' dir='ltr'>oculis</span> <span class='ocrx_word' id='word_1_296' title='bbox 1385 2169 1517 2210; x_wconf 79' lang='lat' dir='ltr'>animoq.</span> <span class='ocrx_word' id='word_1_297' title='bbox 1541 2169 1631 2210; x_wconf 82' lang='lat' dir='ltr'>vulg.</span> 
     </span>
     <span class='ocr_line' id='line_1_34' title="bbox 179 2210 1631 2252; baseline 0.001 -12"><span class='ocrx_word' id='word_1_298' title='bbox 179 2210 283 2240; x_wconf 84' lang='lat' dir='ltr'>animo</span> <span class='ocrx_word' id='word_1_299' title='bbox 298 2214 343 2241; x_wconf 81' lang='lat' dir='ltr'>est</span> <span class='ocrx_word' id='word_1_300' title='bbox 363 2211 489 2251; x_wconf 84' lang='lat' dir='ltr'>oculisq.</span> <span class='ocrx_word' id='word_1_301' title='bbox 519 2217 588 2243; x_wconf 88' lang='lat' dir='ltr'>tres</span> <span class='ocrx_word' id='word_1_302' title='bbox 614 2222 690 2243; x_wconf 90' lang='lat' dir='ltr'>cum</span> <span class='ocrx_word' id='word_1_303' title='bbox 717 2213 766 2243; x_wconf 79' lang='lat' dir='ltr'>Fi.</span> <span class='ocrx_word' id='word_1_304' title='bbox 789 2213 824 2243; x_wconf 88' lang='lat' dir='ltr'>S.</span> <span class='ocrx_word' id='word_1_305' title='bbox 853 2212 963 2242; x_wconf 83' lang='lat' dir='ltr'>Marci</span> <span class='ocrx_word' id='word_1_306' title='bbox 989 2212 1102 2242; x_wconf 80' lang='lat' dir='ltr'>animis</span> <span class='ocrx_word' id='word_1_307' title='bbox 1123 2211 1355 2251; x_wconf 81' lang='lat' dir='ltr'>oculisq.-530</span> <span class='ocrx_word' id='word_1_308' title='bbox 1378 2212 1497 2243; x_wconf 85' lang='lat' dir='ltr'>Heius.</span> <span class='ocrx_word' id='word_1_309' title='bbox 1523 2212 1631 2252; x_wconf 82' lang='lat' dir='ltr'>malit,</span> 
     </span>
    </p>
   </div>
   <div class='ocr_carea' id='block_1_6' title="bbox 180 2303 1632 2527">
    <p class='ocr_par' dir='ltr' id='par_1_15' title="bbox 180 2303 1632 2527">
     <span class='ocr_line' id='line_1_35' title="bbox 833 2303 977 2335; baseline -0.007 0"><span class='ocrx_word' id='word_1_310' title='bbox 833 2303 977 2335; x_wconf 86' lang='lat' dir='ltr'><strong>NOTAE</strong></span> 
     </span>
     <span class='ocr_line' id='line_1_36' title="bbox 223 2385 1632 2428; baseline 0.001 -12"><span class='ocrx_word' id='word_1_311' title='bbox 223 2388 283 2416; x_wconf 84' lang='lat'>521</span> <span class='ocrx_word' id='word_1_312' title='bbox 308 2385 379 2426; x_wconf 87' lang='lat' dir='ltr'>Ide]</span> <span class='ocrx_word' id='word_1_313' title='bbox 399 2386 500 2417; x_wconf 89' lang='lat' dir='ltr'>Mons</span> <span class='ocrx_word' id='word_1_314' title='bbox 514 2386 685 2427; x_wconf 66' lang='lat' dir='ltr'>Phrygiae.</span> <span class='ocrx_word' id='word_1_315' title='bbox 930 2385 1122 2424; x_wconf 87' lang='lat' dir='ltr'>videamus;</span> <span class='ocrx_word' id='word_1_316' title='bbox 1146 2396 1222 2427; x_wconf 84' lang='lat' dir='ltr'>quae</span> <span class='ocrx_word' id='word_1_317' title='bbox 1247 2390 1286 2416; x_wconf 87' lang='lat' dir='ltr'>ut</span> <span class='ocrx_word' id='word_1_318' title='bbox 1311 2386 1458 2418; x_wconf 86' lang='lat' dir='ltr'>maxime</span> <span class='ocrx_word' id='word_1_319' title='bbox 1473 2386 1632 2428; x_wconf 86' lang='lat' dir='ltr'>deprimi-</span> 
     </span>
     <span class='ocr_line' id='line_1_37' title="bbox 223 2435 1630 2477; baseline 0.001 -10"><span class='ocrx_word' id='word_1_320' title='bbox 223 2439 285 2467; x_wconf 74' lang='lat'>524</span> <span class='ocrx_word' id='word_1_321' title='bbox 321 2435 522 2476; x_wconf 81' lang='lat' dir='ltr'>Ampycides]</span> <span class='ocrx_word' id='word_1_322' title='bbox 559 2437 700 2477; x_wconf 82' lang='lat' dir='ltr'>Mopsus</span> <span class='ocrx_word' id='word_1_323' title='bbox 732 2435 878 2476; x_wconf 85' lang='lat' dir='ltr'>Ampyci</span> <span class='ocrx_word' id='word_1_324' title='bbox 930 2440 987 2466; x_wconf 87' lang='lat' dir='ltr'>tur</span> <span class='ocrx_word' id='word_1_325' title='bbox 999 2445 1039 2467; x_wconf 87' lang='lat' dir='ltr'>eo</span> <span class='ocrx_word' id='word_1_326' title='bbox 1055 2436 1198 2467; x_wconf 79' lang='lat' dir='ltr'>validius</span> <span class='ocrx_word' id='word_1_327' title='bbox 1215 2437 1256 2467; x_wconf 88' lang='lat' dir='ltr'>ad</span> <span class='ocrx_word' id='word_1_328' title='bbox 1271 2442 1358 2468; x_wconf 84' lang='lat' dir='ltr'>astra</span> <span class='ocrx_word' id='word_1_329' title='bbox 1375 2437 1514 2468; x_wconf 75' lang='lat' dir='ltr'>tollitur.</span> <span class='ocrx_word' id='word_1_330' title='bbox 1559 2437 1630 2468; x_wconf 90' lang='lat' dir='ltr'>Ne-</span> 
     </span>
     <span class='ocr_line' id='line_1_38' title="bbox 180 2484 1630 2527; baseline 0.001 -11"><span class='ocrx_word' id='word_1_331' title='bbox 180 2484 286 2522; x_wconf 51' lang='lat' dir='ltr'>filium</span> <span class='ocrx_word' id='word_1_332' title='bbox 311 2485 354 2515; x_wconf 87' lang='lat' dir='ltr'>de</span> <span class='ocrx_word' id='word_1_333' title='bbox 371 2495 436 2526; x_wconf 90' lang='lat' dir='ltr'>quo</span> <span class='ocrx_word' id='word_1_334' title='bbox 453 2495 563 2526; x_wconf 80' lang='lat' dir='ltr'>supra.</span> <span class='ocrx_word' id='word_1_335' title='bbox 930 2495 994 2526; x_wconf 89' lang='lat' dir='ltr'>que</span> <span class='ocrx_word' id='word_1_336' title='bbox 1010 2486 1122 2524; x_wconf 82' lang='lat' dir='ltr'>aliam,</span> <span class='ocrx_word' id='word_1_337' title='bbox 1135 2497 1200 2527; x_wconf 87' lang='lat' dir='ltr'>qua</span> <span class='ocrx_word' id='word_1_338' title='bbox 1216 2491 1309 2518; x_wconf 79' lang='lat' dir='ltr'>tutus</span> <span class='ocrx_word' id='word_1_339' title='bbox 1319 2491 1421 2527; x_wconf 87' lang='lat' dir='ltr'>esset,</span> <span class='ocrx_word' id='word_1_340' title='bbox 1433 2497 1452 2517; x_wconf 88' lang='lat' dir='ltr'>a</span> <span class='ocrx_word' id='word_1_341' title='bbox 1466 2487 1630 2527; x_wconf 85' lang='lat' dir='ltr'>Neptuno</span> 
     </span>
    </p>
   </div>
   <div class='ocr_carea' id='block_1_7' title="bbox 178 2535 1631 2829">
    <p class='ocr_par' dir='ltr' id='par_1_16' title="bbox 178 2535 1631 2829">
     <span class='ocr_line' id='line_1_39' title="bbox 226 2535 1631 2578; baseline 0.002 -13"><span class='ocrx_word' id='word_1_342' title='bbox 226 2535 349 2575; x_wconf 75' lang='lat' dir='ltr'>Pulvis]</span> <span class='ocrx_word' id='word_1_343' title='bbox 373 2535 413 2565; x_wconf 89' lang='lat' dir='ltr'>In</span> <span class='ocrx_word' id='word_1_344' title='bbox 429 2537 572 2575; x_wconf 89' lang='lat' dir='ltr'>aquilam</span> <span class='ocrx_word' id='word_1_345' title='bbox 594 2541 757 2568; x_wconf 84' lang='lat' dir='ltr'>mutatum</span> <span class='ocrx_word' id='word_1_346' title='bbox 772 2536 876 2567; x_wconf 79' lang='lat' dir='ltr'>fuisse</span> <span class='ocrx_word' id='word_1_347' title='bbox 931 2536 997 2567; x_wconf 87' lang='lat' dir='ltr'>vim</span> <span class='ocrx_word' id='word_1_348' title='bbox 1020 2537 1192 2577; x_wconf 84' lang='lat' dir='ltr'>accepisse</span> <span class='ocrx_word' id='word_1_349' title='bbox 1209 2538 1369 2569; x_wconf 87' lang='lat' dir='ltr'>Caeneum</span> <span class='ocrx_word' id='word_1_350' title='bbox 1388 2537 1541 2578; x_wconf 88' lang='lat' dir='ltr'>cuiquam</span> <span class='ocrx_word' id='word_1_351' title='bbox 1557 2546 1631 2568; x_wconf 86' lang='lat' dir='ltr'>cre-</span> 
     </span>
     <span class='ocr_line' id='line_1_40' title="bbox 179 2584 1114 2627; baseline 0.002 -12"><span class='ocrx_word' id='word_1_352' title='bbox 179 2584 298 2615; x_wconf 86' lang='lat' dir='ltr'>volunt</span> <span class='ocrx_word' id='word_1_353' title='bbox 314 2584 485 2615; x_wconf 87' lang='lat' dir='ltr'>Caeneum.</span> <span class='ocrx_word' id='word_1_354' title='bbox 520 2587 747 2627; x_wconf 75' lang='lat' dir='ltr'>Quaecumque</span> <span class='ocrx_word' id='word_1_355' title='bbox 764 2593 875 2617; x_wconf 78' lang='lat' dir='ltr'>autem</span> <span class='ocrx_word' id='word_1_356' title='bbox 932 2586 1035 2617; x_wconf 87' lang='lat' dir='ltr'>dibile</span> <span class='ocrx_word' id='word_1_357' title='bbox 1051 2592 1114 2617; x_wconf 87' lang='lat' dir='ltr'>est.</span> 
     </span>
     <span class='ocr_line' id='line_1_41' title="bbox 178 2633 1630 2677; baseline 0.003 -13"><span class='ocrx_word' id='word_1_358' title='bbox 178 2634 239 2665; x_wconf 86' lang='lat' dir='ltr'>illa</span> <span class='ocrx_word' id='word_1_359' title='bbox 251 2634 323 2665; x_wconf 75' lang='lat' dir='ltr'>avis</span> <span class='ocrx_word' id='word_1_360' title='bbox 340 2633 445 2665; x_wconf 84' lang='lat' dir='ltr'>fuerit</span> <span class='ocrx_word' id='word_1_361' title='bbox 460 2641 574 2666; x_wconf 85' lang='lat' dir='ltr'>nostra</span> <span class='ocrx_word' id='word_1_362' title='bbox 589 2646 708 2676; x_wconf 85' lang='lat' dir='ltr'>parum</span> <span class='ocrx_word' id='word_1_363' title='bbox 723 2636 876 2668; x_wconf 84' lang='lat' dir='ltr'>interest.</span> <span class='ocrx_word' id='word_1_364' title='bbox 972 2639 1034 2668; x_wconf 85' lang='lat'>531</span> <span class='ocrx_word' id='word_1_365' title='bbox 1073 2637 1187 2677; x_wconf 81' lang='lat' dir='ltr'>Unica]</span> <span class='ocrx_word' id='word_1_366' title='bbox 1221 2637 1369 2677; x_wconf 82' lang='lat' dir='ltr'>Propter</span> <span class='ocrx_word' id='word_1_367' title='bbox 1395 2636 1569 2676; x_wconf 84' lang='lat' dir='ltr'>virtutem,</span> <span class='ocrx_word' id='word_1_368' title='bbox 1594 2640 1630 2667; x_wconf 83' lang='lat' dir='ltr'>et</span> 
     </span>
     <span class='ocr_line' id='line_1_42' title="bbox 183 2684 1629 2729; baseline 0.003 -15"><span class='ocrx_word' id='word_1_369' title='bbox 183 2684 368 2715; x_wconf 80' lang='lat' dir='ltr'>Maximum</span> <span class='ocrx_word' id='word_1_370' title='bbox 394 2690 447 2715; x_wconf 89' lang='lat' dir='ltr'>est</span> <span class='ocrx_word' id='word_1_371' title='bbox 463 2684 552 2726; x_wconf 87' lang='lat' dir='ltr'>quod</span> <span class='ocrx_word' id='word_1_372' title='bbox 569 2686 683 2716; x_wconf 83' lang='lat' dir='ltr'>Caenei</span> <span class='ocrx_word' id='word_1_373' title='bbox 708 2687 877 2726; x_wconf 85' lang='lat' dir='ltr'>exemplo,</span> <span class='ocrx_word' id='word_1_374' title='bbox 931 2686 1136 2727; x_wconf 84' lang='lat' dir='ltr'>peculiarem</span> <span class='ocrx_word' id='word_1_375' title='bbox 1163 2688 1470 2729; x_wconf 81' lang='lat' dir='ltr'>metamorphosim.</span> <span class='ocrx_word' id='word_1_376' title='bbox 1515 2688 1629 2721; x_wconf 80' lang='lat' dir='ltr'>Quan-</span> 
     </span>
     <span class='ocr_line' id='line_1_43' title="bbox 182 2734 1631 2781; baseline 0.006 -17"><span class='ocrx_word' id='word_1_377' title='bbox 182 2734 273 2764; x_wconf 85' lang='lat' dir='ltr'>nullo</span> <span class='ocrx_word' id='word_1_378' title='bbox 298 2734 468 2765; x_wconf 89' lang='lat' dir='ltr'>hominum</span> <span class='ocrx_word' id='word_1_379' title='bbox 494 2739 677 2776; x_wconf 83' lang='lat' dir='ltr'>utcumque</span> <span class='ocrx_word' id='word_1_380' title='bbox 703 2736 878 2768; x_wconf 84' lang='lat' dir='ltr'>brutorum</span> <span class='ocrx_word' id='word_1_381' title='bbox 931 2748 1031 2780; x_wconf 87' lang='lat' dir='ltr'>quam</span> <span class='ocrx_word' id='word_1_382' title='bbox 1046 2739 1079 2770; x_wconf 89' lang='lat' dir='ltr'>in</span> <span class='ocrx_word' id='word_1_383' title='bbox 1095 2739 1241 2781; x_wconf 85' lang='lat' dir='ltr'>aquilam</span> <span class='ocrx_word' id='word_1_384' title='bbox 1255 2744 1422 2772; x_wconf 84' lang='lat' dir='ltr'>mutatum</span> <span class='ocrx_word' id='word_1_385' title='bbox 1437 2738 1544 2771; x_wconf 81' lang='lat' dir='ltr'>fuisse</span> <span class='ocrx_word' id='word_1_386' title='bbox 1557 2738 1631 2772; x_wconf 79' lang='lat' dir='ltr'>Cae-</span> 
     </span>
     <span class='ocr_line' id='line_1_44' title="bbox 181 2784 1312 2829; baseline 0.005 -13"><span class='ocrx_word' id='word_1_387' title='bbox 181 2784 312 2827; x_wconf 87' lang='lat' dir='ltr'>impetu</span> <span class='ocrx_word' id='word_1_388' title='bbox 349 2785 510 2819; x_wconf 86' lang='lat' dir='ltr'>virtutem</span> <span class='ocrx_word' id='word_1_389' title='bbox 547 2788 741 2828; x_wconf 87' lang='lat' dir='ltr'>proculcari</span> <span class='ocrx_word' id='word_1_390' title='bbox 778 2797 877 2829; x_wconf 86' lang='lat' dir='ltr'>posse</span> <span class='ocrx_word' id='word_1_391' title='bbox 930 2798 1031 2821; x_wconf 84' lang='lat' dir='ltr'>neum</span> <span class='ocrx_word' id='word_1_392' title='bbox 1045 2789 1153 2823; x_wconf 87' lang='lat' dir='ltr'>minus</span> <span class='ocrx_word' id='word_1_393' title='bbox 1168 2794 1312 2822; x_wconf 84' lang='lat' dir='ltr'>constat.</span> 
     </span>
    </p>
   </div>
  </div>
 </body>
</html>
