1831 3023
525 211 990 245 METAMORPHOSEON
1024 212 1120 243 LIB.
1152 214 1226 244 lx.

1491 206 1605 247 1365

157 308 286 351 Ferre
301 310 433 364 jubes
455 309 639 351 Poeante
661 309 833 348 satum:
865 317 950 359 quo
969 306 1147 346 flamma
1163 306 1361 348 ministro

155 376 368 418 Subdita:
400 377 588 427 dumque
609 372 753 414 avidis
775 373 1095 426 comprenditur
1114 374 1286 426 ignibus
1307 387 1459 429 agger3

153 443 409 498 Congeriem
428 441 566 495 sylvae
589 438 801 480 Nemeaeo
822 439 980 480 vellere
1001 453 1215 482 summam

1518 441 1604 484 235

153 510 342 552 Sternis:
373 518 418 550 et
438 507 647 560 imposita
668 507 808 548 clavae
830 508 1000 547 cervice
1020 508 1250 557 recumbis,

154 577 289 618 Haud
309 564 398 618 alio
416 575 558 623 vultu,
582 587 711 627 quam
733 574 771 614 si
793 575 982 615 conviva
995 574 1182 628 jaceres,

154 643 274 685 Inter
289 643 422 700 plena
439 641 547 682 meri
567 641 788 683 redimitus
808 642 972 694 pocula
991 642 1133 683 sertis.

495 842 614 885 ΕΑΒ.
646 842 729 885 IV.
805 843 1022 885 Hercules
1042 843 1085 884 in
1108 843 1265 885 Deum.

151 952 344 984 naucum
372 952 405 982 in
432 953 514 984 OEta
539 953 719 985 Thessaliae
747 958 873 993 monte,
895 957 1100 994 praestructo
1128 963 1221 994 rogo,
1248 962 1287 984 ac
1311 952 1445 994 sagittis
1472 951 1606 984 traditis

194 1005 399 1037 Philoctetae
416 1005 568 1037 Poeantis
584 1005 666 1047 filio,
681 1007 736 1047 qui
762 1007 836 1047 ejus
863 1016 982 1047 pyram
1007 1011 1194 1045 struxerat,
1218 1004 1359 1036 flammis
1376 1009 1516 1037 exustus
1533 1011 1606 1036 est:

194 1058 242 1089 ita
258 1062 294 1089 ut
310 1058 546 1090 immortalium
573 1060 722 1091 Deorum
745 1061 803 1101 jus
831 1070 850 1091 a
876 1060 962 1092 Jove
988 1060 1021 1090 in
1049 1061 1135 1091 coelo
1162 1060 1347 1100 reciperet,
1368 1064 1404 1090 et
1425 1056 1608 1100 aliquando

192 1111 327 1152 placata
338 1111 488 1151 Junone,
503 1112 581 1143 filiae
599 1113 754 1154 ejusdem
770 1114 905 1145 nomine
923 1112 1030 1145 Hebae
1042 1113 1259 1155 jungeretur.
1301 1112 1465 1145 Deianira
1481 1115 1608 1149 autem,

193 1173 230 1196 re
247 1163 378 1204 audita,
394 1165 468 1204 ipsa
482 1174 518 1196 se
535 1165 721 1197 interfecit.

149 1250 193 1308 J
197 1278 223 1308 A
235 1278 369 1316 MQUE
390 1269 550 1318 valens,
571 1274 614 1310 et
635 1271 677 1310 in
699 1283 825 1311 omne
848 1271 965 1311 latus
986 1269 1143 1310 diffusa
1164 1269 1364 1317 sonabat,

152 1333 430 1388 Securosquc
453 1342 589 1384 artus,
613 1341 1006 1389 conte—nitoremque
1028 1337 1209 1389 petebat

1522 1332 1607 1372 240

153 1400 351 1442 Flamma
371 1415 510 1443 suum.
571 1402 771 1443 Timuere
793 1404 880 1444 Dei
902 1416 981 1456 pro
1004 1402 1176 1443 vindice
1197 1407 1334 1442 terrae.

149 1527 264 1566 apicula
280 1527 384 1558 visura
399 1528 496 1558 denuo
512 1537 608 1567 regna
627 1528 782 1566 Trojcaena5
804 1537 862 1568 quo
869 1526 994 1565 famulo
1008 1526 1092 1566 ignis
1101 1527 1277 1568 suppositus
1288 1529 1356 1562 est5
1379 1528 1410 1556 et
1424 1525 1497 1556 dum
1509 1527 1611 1555 strues

148 1569 318 1610 corripitur
330 1569 468 1610 flammis
482 1570 655 1610 rapacibus,
678 1571 809 1610 imponis
824 1571 932 1601 ultimo
948 1571 1070 1601 cumulo
1085 1570 1238 1609 lignorum
1249 1570 1359 1609 pellem
1379 1569 1566 1606 Nemeaeum‚
1577 1569 1610 1598 et

150 1611 252 1652 capite
266 1612 299 1642 in
313 1613 430 1643 clatum
444 1614 572 1644 demisso
586 1623 645 1644 non
661 1613 722 1644 alio
738 1614 823 1644 cultu
837 1613 1003 1652 decumbis,
1019 1623 1110 1653 quum
1124 1613 1151 1643 si
1165 1612 1356 1644 accumberes
1380 1610 1506 1641 convica
1521 1619 1612 1640 ornu-

151 1657 201 1685 m
215 1654 336 1685 coronis
350 1654 432 1685 inter
446 1659 579 1686 crateres
594 1656 663 1686 viu'o
678 1657 794 1695 plenos.

194 1705 245 1727 lv.
270 1697 314 1726 Et
321 1696 527 1736 jamflmnmu
535 1698 647 1735 sortis,
662 1701 754 1738 atque
768 1707 874 1738 sparsa
889 1697 920 1728 in
935 1707 1038 1728 omnes
1056 1700 1161 1737 partes
1174 1696 1344 1737 strepebat,
1358 1699 1389 1726 et
1396 1694 1561 1733 ferebatur·
1577 1693 1611 1724 in

150 1738 287 1770 membra
311 1739 488 1779 tranquilla,
504 1743 535 1771 et
556 1750 645 1771 suum
659 1745 886 1771 contemtorem.
932 1740 993 1770 Dii
1008 1743 1181 1771 metuerunt
1194 1749 1251 1779 pro
1267 1739 1366 1769 ultore
1381 1741 1485 1768 terrae.
1525 1737 1610 1771 Quos

763 1834 996 1847 eeeeeeeeeee

154 1887 254 1927 Regu.
275 1891 532 1920 tenurae—234
558 1890 655 1922 Cant.
673 1890 758 1922 arid.
779 1890 1122 1932 commenditum—241
1148 1888 1217 1919 Pro
1233 1888 1363 1919 timuere
1387 1890 1534 1928 quatuor
1549 1887 1610 1915 trc-

807 1985 949 2019 NOTAE

150 2058 215 2091 illis
238 2059 373 2100 'frojam
402 2060 480 2101 capi
506 2070 572 2092 non
601 2070 698 2102 posse
721 2065 795 2092 erat
820 2061 852 2091 in

151 2110 247 2143 fatis:
285 2117 495 2153 quapropter
524 2113 752 2144 Philoctetem
789 2122 853 2144 una

151 2171 226 2193 cum
256 2162 391 2203 sagittis
416 2162 458 2192 ad
490 2162 612 2193 bellum
637 2163 753 2194 Gra-ci
777 2172 854 2203 per-

150 2212 337 2243 duxerunt.
394 2212 473 2243 Illas
500 2217 614 2243 autem
641 2213 742 2253 Troja
772 2218 852 2244 ante

151 2268 316 2301 senserat,
341 2272 416 2293 cum
448 2262 685 2294 Laomedontis
709 2263 853 2304 perfidia

151 2322 312 2345 accensus
340 2312 522 2351 Hercules,
548 2314 605 2354 qui
631 2314 673 2344 ab
704 2314 761 2345 illo
787 2314 852 2345 sibi

150 2363 349 2403 promissam
379 2362 481 2393 filiam
515 2362 686 2394 Hesionen
717 2373 737 2394 a
764 2363 852 2395 Ceto

152 2412 327 2445 liberatam
355 2422 419 2443 uon
448 2418 563 2453 posset
580 2413 779 2454 impetrare,
801 2423 852 2445 ur-

153 2462 227 2494 bem
244 2468 348 2494 totam
368 2463 517 2503 diripuit.

205 2515 268 2545 2³³
311 2514 456 2554 Poeunte]
501 2513 718 2545 Philocteteo
756 2513 852 2554 dicit,

153 2561 316 2594 Herculis
353 2564 522 2602 comitem,
553 2564 705 2595 Poeantis
736 2564 852 2603 filium,

151 2611 207 2653 qui
224 2611 312 2643 illius
329 2622 408 2652 rogo
425 2612 591 2644 flammam
608 2615 798 2654 supposuit.

194 2663 257 2692 2³⁴
294 2661 418 2702 Agger]
457 2662 526 2694 Pro
561 2664 727 2704 lignorum
758 2670 852 2698 strue

154 2711 282 2752 posuit,
305 2721 496 2754 quanquam
525 2713 660 2755 proprie
686 2720 784 2748 terra:
801 2721 854 2748 est

155 2761 341 2803 congeries.

950 2061 1011 2090 235
1047 2056 1166 2098 Syleae]
1199 2055 1394 2095 Lignorum,
1416 2062 1460 2084 ex
1486 2051 1608 2094 quibus

907 2120 1008 2151 rogus
1034 2107 1225 2146 constabat,
1251 2115 1354 2146 super
1372 2115 1448 2146 quae
1475 2103 1610 2136 Nemaei

906 2160 1014 2191 leonis
1040 2158 1176 2200 pellem,
1201 2157 1234 2186 iu
1260 2165 1327 2196 qua
1352 2154 1535 2185 moriturus
1551 2153 1611 2185 de-

907 2210 1095 2249 cumberet,
1108 2207 1276 2239 Hercules
1291 2204 1427 2236 stravit.
1465 2203 1612 2234 Virtutis

908 2266 1021 2293 autem
1052 2261 1124 2302 eJus
1150 2267 1218 2289 una
1246 2266 1322 2288 cum
1353 2256 1451 2286 clava
1478 2254 1611 2295 insigne

906 2312 973 2344 fuit
999 2318 1035 2343 et
1061 2314 1326 2347 monumentum,
1340 2307 1461 2348 quibus
1475 2305 1611 2348 quidem

907 2364 941 2396 in
969 2367 1079 2395 morte
1102 2360 1205 2393 sicuti
1231 2360 1264 2390 in
1291 2359 1360 2390 vita
1383 2363 1436 2389 est
1458 2367 1550 2396 usus,
1574 2361 1613 2387 ut

906 2414 1026 2445 eudem
1052 2421 1144 2443 arma
1160 2409 1282 2452 quibus
1307 2409 1340 2440 in
1365 2408 1527 2440 extremis
1542 2407 1612 2438 vin-

907 2475 1032 2504 camus,
1045 2462 1258 2504 eandemque
1276 2460 1453 2498 virtutem,
1466 2469 1533 2500 qua
1549 2467 1610 2488 uos

907 2515 1052 2556 denique
1068 2513 1275 2544 involvamus
1293 2519 1356 2551 per
1369 2514 1477 2540 totam
1494 2509 1612 2545 vitam,

908 2566 998 2608 quod
1026 2565 1082 2596 illc
1109 2562 1253 2600 fecerat,
1285 2559 1436 2601 paranda
1463 2563 1497 2588 et
1527 2565 1614 2588 trac-

908 2616 1012 2648 tanda
1026 2625 1100 2646 esse
1116 2613 1358 2649 intelligamus.

949 2670 1013 2698 ²40
1035 2663 1181 2703 Securos]
1206 2663 1362 2701 Namque
1378 2659 1430 2689 vel
1453 2657 1612 2690 difficilli-

907 2727 960 2748 ma
978 2721 1075 2755 grata
1103 2713 1207 2745 ctiam
1234 2711 1343 2741 animo
1370 2708 1548 2740 obfirmato
1565 2709 1613 2740 vi-

909 2767 1051 2798 dentur:
1087 2768 1125 2796 ut
1147 2762 1294 2794 animum
1325 2760 1474 2799 sincere,
1501 2765 1535 2791 et
1561 2770 1611 2791 ra-
