1831 3023
528 225 997 261 METAMORPHOSEON
1031 226 1126 256 Lm.
1159 228 1232 258 tx.

1495 219 1612 261 1355

161 323 292 375 Quod
315 325 446 367 simul
467 322 667 364 evulsum
688 323 771 369 est,
791 320 969 374 sanguis
989 333 1067 374 per
1086 325 1318 373 utrumque
1337 319 1532 361 foramen

159 392 365 442 Emicuit,
385 392 547 433 mixtus
570 387 741 429 Lernaei
764 389 866 429 tabe
887 388 1053 429 veneni.

746 455 904 508 Neque
925 456 1042 497 enim
1062 455 1294 496 moriemur
1315 453 1460 504 inulti,

159 459 342 513 Excipit
361 459 471 498 hunc
494 455 684 496 Nessus.

1526 386 1610 428 130

158 525 315 568 Secum
334 525 418 566 ait:
449 527 492 563 et
513 522 660 563 calido
681 521 902 563 velamina
922 524 1061 564 tincta
1081 535 1236 564 cruore

157 593 250 636 Dat
266 603 424 635 munus
443 593 599 644 raptae,
619 589 741 631 velut
760 589 984 632 irritamen
1004 591 1182 632 amoris·

758 799 879 842 ΓΑΒ.
912 799 1004 841 III.

149 907 286 940 Eoum
301 911 456 949 tempore
471 907 641 940 Hercules
657 918 735 941 cum
751 909 786 941 in
801 909 944 941 insulam
959 908 1155 951 Thessaliae,
1181 919 1323 952 regnum
1349 910 1484 953 Euryti,
1505 911 1610 953 traje-

191 961 307 1002 cisset,
333 966 369 992 et
393 961 490 993 Iolen
516 961 620 994 filiam
647 963 720 1003 ejus
747 962 910 994 dilectam
935 964 1088 995 traheret
1114 965 1149 995 in
1179 964 1337 1005 patriam,
1360 964 1452 1005 prior
1481 965 1607 1005 conjux

147 1024 150 1026 ⁷
191 1014 370 1054 Deianira,
383 1018 421 1046 ut
438 1014 534 1046 audit
562 1014 710 1046 animum
723 1015 783 1046 viri
801 1025 875 1046 esse
903 1026 921 1046 a
947 1026 983 1047 se
1010 1021 1192 1056 mutatum,
1209 1017 1359 1049 tunicam
1375 1016 1610 1049 sacrificatum

191 1066 272 1100 Jovi
289 1067 402 1099 Lichae
419 1067 545 1100 famulo
559 1068 654 1099 dedit
680 1069 710 1099 ei
738 1067 1000 1109 perferendam;
1032 1079 1097 1111 qua
1112 1070 1167 1101 ille
1182 1070 1365 1101 honoratus
1381 1075 1459 1101 vota
1474 1070 1608 1111 religio-

193 1131 339 1164 nemque
363 1122 488 1164 piaret.
534 1122 617 1154 Eam
635 1122 774 1154 indutus
791 1123 971 1164 Hercules,
986 1133 1061 1155 cum
1086 1124 1129 1155 ad
1154 1134 1244 1156 aram
1266 1124 1478 1164 accessisset,
1491 1133 1608 1165 prose*

191 1184 272 1206 cans
287 1180 380 1217 exta,
403 1175 536 1207 flamma
554 1176 658 1208 vestis
688 1176 845 1217 incaluit,
872 1181 906 1208 et
934 1178 1076 1209 Lernaeo
1099 1187 1230 1210 veneno
1256 1182 1417 1210 contacta
1431 1177 1529 1209 haesit
1544 1177 1608 1207 vis-

192 1228 340 1261 ceribus.
385 1229 426 1260 In
443 1229 588 1262 maximo
611 1230 728 1272 itaque
744 1231 899 1263 cruciatu
916 1242 992 1263 curn
1019 1242 1038 1263 a
1060 1242 1204 1273 corpore
1221 1233 1294 1273 ejus
1310 1232 1410 1263 avelli
1422 1231 1581 1272 nequiret
1596 1240 1607 1268 ;

193 1281 319 1313 Lichan
335 1282 545 1314 acerbissimi
561 1283 710 1315 muneris
726 1293 833 1323 reum,
849 1285 1041 1325 projectum
1068 1295 1087 1315 a
1114 1295 1162 1324 se,
1182 1284 1335 1315 Euboico
1359 1283 1444 1314 mari
1466 1282 1607 1313 mersit:

192 1344 292 1376 quem
319 1337 493 1368 innoxium
521 1338 631 1378 culpae
658 1337 784 1376 Tethys
809 1338 915 1368 vertit
936 1338 969 1368 iu
993 1338 1168 1378 scopulum
1195 1336 1332 1367 conchis
1354 1334 1610 1376 muricibusque

190 1389 363 1420 vestitum.

148 1473 339 1533 LONGA
361 1491 444 1533 suit
462 1491 594 1533 medii
611 1502 734 1531 mora
752 1491 989 1544 temporis:
1021 1493 1207 1544 actaque
1227 1489 1373 1542 magni

147 1556 361 1600 Herculis
381 1559 610 1614 implerant
629 1563 783 1610 terras,
806 1558 1044 1614 odiumque
1062 1570 1284 1599 novercae.

1523 1555 1609 1597 1:35

143 1698 234 1720 emor
245 1689 365 1720 exsiliit
377 1699 434 1729 per
448 1693 612 1730 utrumque
625 1689 784 1728 foramen,
799 1689 941 1727 confusus
962 1700 1030 1720 cum
1051 1699 1163 1720 veneno
1186 1689 1325 1720 Lernoeoe
1337 1689 1446 1728 pestis.
1491 1686 1610 1718 Nessus

146 1732 234 1762 illum
269 1732 400 1771 excipit.
446 1733 566 1772 Neque,
587 1733 669 1772 apud

695 1742 726 1762 se
760 1732 850 1769 dicit,
880 1732 1050 1763 occidemus
1078 1732 1196 1762 inulti:
1231 1735 1261 1762 et
1297 1731 1392 1772 offert
1426 1731 1459 1760 in
1495 1730 1609 1759 donum

146 1773 322 1804 Deianirae
337 1774 467 1805 sublate
495 1775 653 1805 indusium
682 1773 830 1811 infectum
857 1774 1009 1813 sanguine
1033 1775 1149 1815 tepido,
1178 1777 1323 1813 tunquam
1350 1773 1503 1813 philerum
1521 1780 1606 1801 ωηα-

149 1816 277 1847 (orium.

189 1867 245 1891 ιιι.
268 1857 414 1900 Spatium
438 1858 586 1899 temporis
601 1858 693 1890 medii
710 1858 834 1898 longum
840 1858 932 1897 [πίω
954 1861 983 1890 et
1002 1859 1093 1897 facta
1110 1859 1215 1898 magni
1233 1857 1378 1890 Herculis
1394 1858 1520 1896 vulgata
1535 1854 1608 1894 sue-

755 1953 891 1964 ‘mooe

895 1953 991 1964 eeeee

149 2022 235 2049 vett.
265 2017 330 2048 Res
343 2017 430 2058 prob.
476 2017 546 2047 Pro
568 2020 599 2048 et
624 2017 717 2047 missa
741 2017 840 2048 Cant.
861 2019 1093 2049 emisam—129
1116 2017 1234 2047 Heius.
1252 2016 1339 2055 conj.
1364 2015 1432 2050 Quo
1450 2024 1476 2045 s.
1493 2013 1607 2046 evulso.

147 2060 186 2092 Iu
203 2059 355 2092 Berolin.
371 2063 415 2091 ese
428 2059 645 2091 decen—132
659 2058 801 2090 Plurimi
816 2060 1076 2091 &validm—133
1090 2059 1158 2090 Pro
1172 2059 1268 2098 telut,
1282 2057 1402 2089 Heius.
1417 2056 1506 2097 conj.
1520 2055 1610 2096 lenti,

811 2160 951 2193 NOTAE

188 2239 250 2269 180
278 2236 410 2277 Veneni]
452 2236 529 2269 Quo
549 2236 668 2267 tinctae
686 2235 848 2267 Herculis

143 2288 295 2330 sagittae,
311 2293 350 2319 ut
364 2296 481 2318 earum
499 2287 637 2317 vulnera
656 2286 849 2318 immedica-

145 2341 228 2374 bilia
243 2345 368 2373 essent.

189 2394 251 2424 182
289 2389 459 2430 Velamina]
504 2388 678 2420 Indusium
703 2398 848 2430 nempe;

144 2451 337 2486 quanquam
354 2441 454 2472 aliter
471 2439 654 2478 Diodorus,
668 2448 767 2479 quem
783 2440 851 2481 adi,

147 2496 175 2528 si
187 2497 275 2527 tanti
285 2500 337 2526 est
347 2507 355 2527 ς
367 2503 525 2535 namque,
536 2490 849 2524 circumfluentibus

145 2545 247 2578 rebus
263 2546 414 2587 optimis,
430 2544 630 2584 ineptiarum
643 2542 746 2573 libros
758 2542 850 2574 iden-

145 2594 251 2627 tidem
294 2596 327 2626 in
362 2605 463 2626 tinum
496 2603 634 2634 cogere,
659 2592 783 2624 deinde
817 2594 849 2624 in

146 2645 262 2687 plures
293 2645 461 2683 dividere,
488 2644 681 2685 planissime
709 2651 848 2684 nugato-

144 2696 230 2728 tium
257 2701 291 2727 ct
315 2695 579 2736 dispendiosum,
603 2696 635 2725 in
659 2700 756 2726 tauta
771 2696 848 2727 vitae

147 2745 318 2778 brevitate
334 2745 538 2787 pra-sertim,
555 2744 703 2776 videtur.

191 2799 253 2830 nt
277 2796 461 2838 Infima]
489 2795 589 2830 Quod
605 2795 648 2828 nd
669 2795 847 2828 amandum

902 2241 1020 2279 posset
1034 2236 1208 2278 pellicere.

946 2290 1006 2320 134
1031 2287 1151 2328 Medii]
1186 2285 1228 2318 Id
1242 2288 1307 2326 est,
1322 2283 1412 2326 quod
1428 2283 1503 2315 haec
1517 2282 1607 2314 inter

902 2343 939 2370 et
954 2349 994 2370 ea
1021 2348 1096 2381 quae
1118 2337 1299 2370 novissime
1326 2336 1370 2368 de
1395 2336 1462 2367 isto
1485 2334 1608 2366 amoris

901 2389 1092 2421 irritamine
1107 2394 1143 2420 et
1161 2387 1261 2420 Nessi
1276 2385 1408 2418 indusio
1424 2390 1503 2417 acta
1517 2387 1607 2415 snut.

946 2443 1006 2472 1³5
1033 2438 1198 2479 Nocercae]
1223 2438 1389 2475 Junonis3
1413 2446 1489 2477 quae
1511 2433 1607 2475 pelli-

902 2490 998 2522 cibus
1014 2489 1166 2521 omnibus
1188 2487 1333 2526 infensa,
1357 2486 1455 2518 Jovis
1473 2491 1606 2526 quoque

902 2541 1070 2572 adulterio
1116 2545 1226 2572 ortam
1272 2538 1421 2568 sobolem
1462 2533 1606 2574 perdere

904 2593 1014 2635 quoad
1028 2591 1123 2623 licuit
1139 2599 1309 2631 uunquam
1325 2587 1467 2618 destitit.
1504 2584 1606 2615 Cete-

904 2653 989 2682 rum,
1005 2647 1080 2674 utut
1092 2642 1277 2672 Herculem
1293 2648 1351 2678 per
1366 2635 1606 2674 Eurystheum,

903 2696 956 2726 cui
980 2695 1072 2726 illum
1092 2703 1150 2734 per
1176 2693 1287 2722 dolum
1305 2687 1460 2727 snt-jecit,
1482 2686 1515 2715 in
1536 2684 1604 2725 prl-

903 2745 966 2775 mis
991 2743 1180 2779 vexaverit,
1202 2749 1268 2770 nou
1294 2737 1386 2768 aliud
1409 2737 1605 2774 consecuta,

902 2803 1003 2837 qnam
1015 2797 1053 2825 ut
1060 2792 1103 2825 ab
1112 2789 1262 2824 Hercule
1269 2786 1440 2830 superatis
1449 2783 1604 2818 omnibu·
