1831 3023
248 256 362 299 1572

248 362 470 417 Injecique.
489 373 681 409 manum,
703 359 944 411 fortemque
963 358 1018 398 ad
1039 358 1166 401 fortia
1185 359 1302 400 misi.

964 424 1058 477 Ego
1077 425 1303 479 Telephon
1322 425 1453 466 hasta

249 428 363 482 Ergo
383 441 516 481 opera
535 428 654 467 illius
673 438 771 466 mea
791 428 903 464 sunt.

731 265 770 295 P.
801 264 960 294 0V1D11
992 263 1202 295 NASONIS

1609 358 1698 419 1⁷9

247 495 521 547 Pugnantem
542 492 712 532 domui:
743 491 904 530 victum
924 495 1202 546 orantemque
1225 493 1371 534 refeci.

249 561 379 611 Quod
398 561 559 600 Thebae
583 558 797 607 cecidere,
818 570 965 597 meum
984 562 1074 599 est:
1105 573 1174 600 me
1196 560 1354 601 credite
1377 559 1566 609 Lesbon,

248 627 324 667 Me
344 625 562 674 Tenedon,
586 624 885 678 Chrysenque,
907 629 952 666 et
974 625 1143 679 Cyllan,
1165 626 1384 681 Apollinis
1404 627 1547 676 urbes,

244 694 301 734 Et
321 693 460 744 Syron
481 693 655 745 cepisse
674 707 683 734 :
713 705 810 732 mea
830 705 1043 734 concussa
1063 698 1216 747 putate

1607 693 1693 735 175

244 759 540 800 Procubuisse
563 760 656 800 solo
680 760 892 813 Lyrnesia
912 761 1075 801 moenia
1095 761 1261 803 dextra.

243 825 389 879 thue
411 827 520 866 alias
542 831 735 875 taceam3
769 827 842 877 qui
866 839 1031 865 saevum
1054 828 1233 878 perdere
1255 832 1411 880 posset

241 892 451 941 Hectora,
465 906 621 945 nempe
643 891 768 931 dedi:
800 903 879 943 per
897 903 965 929 me
980 891 1101 943 jacet
1119 892 1309 943 inclytus
1332 893 1516 934 Hector.

239 959 335 1000 Illis
353 959 448 999 haec
471 958 615 1007 armis,
635 958 793 1010 quibus
815 960 882 996 est
902 956 1101 996 inventus
1121 955 1332 1006 Achilles,

238 1025 377 1065 Arma
397 1028 519 1077 peto:
552 1025 652 1064 vivo
673 1024 891 1072 dederam,
909 1027 1011 1076 post
1028 1023 1118 1063 sata
1137 1036 1338 1076 reposco.

1601 1026 1688 1070 180

240 1091 302 1132 Ut
322 1091 447 1132 dolor
466 1091 592 1131 unius
613 1091 794 1131 Danaos
811 1090 1009 1142 pervenit
1029 1089 1084 1130 ad
1106 1102 1269 1140 omnes,

237 1157 489 1212 Aulidaque
511 1157 754 1198 Euboicam
781 1158 1049 1211 complerunt
1068 1157 1183 1197 mille
1205 1157 1389 1209 carinae;

227 1293 322 1333 jam?
345 1297 448 1337 Atque
464 1297 577 1329 immisi
593 1306 724 1331 uranum,
741 1298 772 1326 et
786 1296 862 1325 duxi
878 1299 1032 1326 strenuum
1049 1296 1089 1326 ad
1104 1296 1211 1326 ανάιια.
1256 1294 1397 1335 Adeoque
1413 1295 1496 1326 illius
1510 1295 1608 1344 sacta.
1618 1307 1684 1331 mea

234 1342 317 1368 sunt.
363 1340 433 1378 Ego
458 1340 517 1370 tici
542 1340 704 1379 Telephum
731 1340 911 1377 certantem,
940 1339 1052 1368 hasta:
1085 1338 1193 1368 sanari
1215 1338 1362 1368 domitum
1390 1342 1481 1378 atque
1508 1339 1684 1379 supplicem.

235 1381 340 1410 Meum
353 1385 410 1419 est,
427 1384 505 1421 quod
527 1382 634 1412 Thebae
653 1384 724 1411 siant
741 1381 865 1411 (ἰὴ-αἰαῖ.
913 1381 951 1411 In
972 1382 1107 1411 animum
1133 1380 1269 1410 inducite
1285 1390 1331 1410 me
1345 1389 1534 1418 expugnasse
1555 1382 1685 1418 Lesbon,

236 1426 266 1452 et
285 1423 435 1460 Tenedon,
451 1427 479 1454 et
495 1425 646 1464 Chrysen,
667 1427 696 1453 el
716 1423 839 1462 Clean,
858 1423 945 1453 urbes
959 1423 1126 1463 Apollinis,
1153 1426 1184 1453 et
1208 1422 1320 1462 Syrou.
1367 1423 1558 1453 Existimute
1582 1433 1685 1454 muros

232 1465 554 1504 Lyrnesiossumlz'tus
567 1468 678 1496 deletos
697 1464 797 1502 fuisse
823 1475 889 1494 mea
906 1475 1008 1495 manu.
1052 1466 1154 1504 Atque
1181 1469 1214 1494 ut
1227 1465 1465 1504 proetermitlam
1480 1465 1580 1502 aliam
1602 1466 1686 1496 scili-

232 1510 279 1537 cet
295 1507 390 1537 obtuli
405 1508 458 1547 qui
481 1512 580 1548 posset
597 1508 715 1538 vincere
734 1507 869 1544 ferocem
893 1507 1080 1537 Hectorem.-
1097 1506 1189 1543 sama
1216 1507 1384 1537 celebratus
1411 1507 1530 1537 Hector
1552 1517 1609 1547 per
1635 1517 1683 1538 me

232 1549 379 1580 occubuit.
424 1551 521 1580 Post-0
538 1551 601 1580 Ιιια·
615 1559 703 1580 arma
719 1549 781 1579 illis
795 1549 891 1578 armis
906 1549 1013 1588 quibus
1027 1549 1164 1579 Achilles
1179 1552 1224 1579 est
1237 1549 1386 1579 inventus.
1430 1549 1584 1579 Dederam
1599 1551 1682 1588 cit-o,

231 1594 335 1630 repeto
349 1595 416 1630 post
432 1596 568 1622 mortem.
614 1593 781 1630 Postquam
798 1592 882 1621 dulor
895 1592 984 1621 unius
997 1592 1135 1630 pervenit
1152 1592 1190 1622 ad
1205 1601 1307 1621 omues
1323 1591 1450 1621 Groecos
1460 1601 1471 1627 ;
1494 1594 1583 1630 atque
1597 1591 1681 1623 mille

837 1682 1070 1693 aeaeaeaeaeaeaeaeaeaeaeae

227 1746 395 1785 probante
410 1748 634 1778 Burm.—169
657 1747 803 1780 Quidam
833 1748 951 1776 vertere
981 1747 1169 1784 Trnj.—175
1195 1747 1263 1778 Alii
1291 1748 1444 1779 scribunt
1469 1750 1597 1789 Scyron,
1623 1751 1678 1782 vel

229 1787 461 1827 Syrum—177
484 1790 575 1820 Alias
589 1799 607 1820 e
626 1791 674 1821 Fi.
692 1795 726 1820 et
742 1799 807 1819 uno
824 1788 917 1818 Med.
935 1788 1029 1819 dedit
1046 1789 1163 1820 Heins.
1181 1795 1217 1820 ut
1234 1791 1274 1820 ad
1292 1791 1447 1821 civitates
1465 1797 1678 1832 expugnatas

227 1829 415 1862 referatur:
448 1832 554 1862 ceteri
580 1833 670 1864 alios.
714 1831 845 1862 Deinde
869 1839 930 1870 pro
952 1834 1050 1869 posset
1065 1832 1192 1862 Thuan.
1216 1838 1287 1872 opt.
1302 1842 1422 1872 posses;
1445 1833 1534 1874 quod
1561 1835 1679 1873 placet

226 1872 487 1905 Heinsio—182
523 1875 618 1906 Tert.
658 1875 750 1906 Med.
790 1873 862 1906 Aul.
895 1872 1160 1905 Euboeam—183
1195 1874 1255 1905 Pr.
1297 1876 1375 1907 Bas,
1415 1876 1685 1916 Expectaucla.—‘

874 1970 1019 2002 NOTAE

266 2043 324 2072 171
349 2042 514 2083 Telephon]
555 2044 714 2076 Herculis
737 2045 855 2083 filium,
880 2044 921 2075 de

222 2101 287 2132 quo
301 2101 402 2132 supra
415 2104 424 2131 ;
439 2103 537 2133 quem
549 2104 567 2124 a
580 2095 802 2135 Trojanorum
814 2095 920 2136 parti-

222 2140 284 2170 bus
302 2145 448 2172 stantem
473 2143 623 2174 Achilles
647 2145 846 2182 vulneravit,
862 2145 919 2175 de-

217 2189 298 2220 inde
315 2195 426 2220 tamen
443 2193 587 2223 sanavit.
622 2193 790 2233 Apposite
806 2199 917 2224 autem

220 2238 284 2268 sibi
297 2247 336 2268 ea
349 2239 467 2269 tribuit
479 2241 627 2279 Ulysses‚
642 2252 716 2281 quae
729 2242 769 2271 ab
784 2242 915 2274 Achille

218 2287 334 2325 facta;
365 2297 426 2318 nec
444 2288 623 2327 immerito,
640 2290 803 2331 siquidem
821 2291 914 2322 illum

219 2337 259 2368 ad
277 2337 400 2368 bellum
418 2338 628 2377 perduxerit.

262 2390 322 2417 173
361 2387 484 2428 Tlieboe]
529 2388 670 2428 Ciliciae,
698 2390 842 2429 scilicet,
869 2391 911 2421 de

217 2436 335 2476 quibus
354 2436 438 2467 libro
463 2438 640 2478 superiori,
663 2449 743 2480 quas
759 2439 910 2471 Achilles

217 2486 369 2526 diripuit.

260 2535 392 2575 Lesbon]
409 2536 492 2568 Quae
510 2536 629 2574 insula,
645 2538 771 2569 Troadi
789 2549 912 2580 prope·

216 2584 352 2615 modum
372 2585 540 2625 opposita,
554 2586 596 2617 ab
615 2587 746 2618 Achille
766 2589 910 2630 direpta.

258 2637 319 2665 174
345 2635 500 2675 Tenedon]
539 2636 647 2678 Trojae
661 2639 847 2678 proximam
863 2642 909 2671 in-

213 2686 330 2716 sulam.

258 2736 395 2778 Chrysen
410 2739 441 2768 et
458 2737 584 2778 Cyllan]
609 2740 694 2773 Quae
703 2740 845 2773 Troadis
857 2752 907 2773 ur-

213 2785 284 2819 bes.

1019 2057 1079 2084 175
1112 2054 1230 2095 Syron]
1258 2055 1374 2086 Insula
1390 2059 1440 2086 est
1456 2055 1563 2095 AEgaei
1580 2055 1672 2096 equi-

975 2102 1051 2133 dem
1065 2114 1104 2134 eo
1115 2105 1246 2134 nomine
1255 2115 1263 2142 3
1273 2114 1387 2135 verum
1400 2105 1490 2135 inter
1502 2105 1670 2144 Cycladas

974 2158 1182 2190 recensetur,
1198 2163 1280 2193 quas
1303 2163 1510 2193 expugnasse
1528 2154 1669 2186 Graecos

972 2200 1089 2230 nullibi
1115 2201 1252 2240 legitur.
1297 2202 1412 2233 Quare
1436 2202 1499 2232 nisi
1522 2203 1553 2232 in
1583 2212 1668 2234 voce

970 2249 1127 2279 mendum
1164 2250 1314 2289 irrepsit,
1358 2250 1446 2281 haud
1485 2252 1667 2284 absurdum

969 2297 1103 2328 videtur
1123 2299 1262 2330 credere
1283 2301 1390 2340 Syrou
1406 2310 1505 2331 unam
1528 2311 1602 2333 esse
1625 2312 1670 2333 ex

969 2347 1104 2378 urbibus
1122 2349 1288 2387 undecim,
1303 2360 1383 2390 quas
1400 2355 1478 2381 ante
1495 2360 1668 2395 expugna-

968 2396 1091 2427 tionem
1103 2397 1216 2438 Trojae
1228 2398 1378 2430 Achilles
1387 2401 1518 2441 cepisse
1529 2401 1667 2434 dicitur.

1010 2451 1069 2478 176
1107 2449 1275 2490 Lyrnesia]
1329 2451 1498 2492 Lyrnessi,
1523 2452 1664 2484 Troadis

964 2498 1067 2537 urbis,
1083 2508 1124 2529 ex
1142 2509 1208 2540 qua
1221 2500 1451 2542 Hippodamia
1462 2511 1521 2532 seu
1537 2502 1664 2534 Briseis

963 2548 1122 2579 abducta.

1006 2600 1067 2628 179
1092 2599 1225 2639 Quibus]
1254 2600 1341 2631 Redi
1357 2600 1399 2631 ad
1417 2610 1546 2632 versum
1565 2604 1639 2633 165.

1006 2650 1064 2677 181
1095 2649 1209 2689 Unius]
1254 2650 1416 2689 Menelai,
1431 2651 1581 2690 scilicet;
1605 2651 1661 2683 cui

960 2705 978 2726 a
995 2696 1119 2728 Paride
1137 2698 1273 2729 ademta
1288 2699 1411 2739 conjux
1428 2700 1575 2732 Helena.

1004 2748 1066 2776 182
1089 2747 1221 2787 Aulida]
1261 2748 1337 2778 Fuit
1359 2748 1458 2780 Aulis
1481 2750 1559 2780 urbs
1581 2751 1659 2782 Bae-

959 2795 1038 2825 otiae
1060 2796 1164 2835 juxta
1198 2797 1406 2840 Chalcidem,
1433 2804 1570 2841 portum
1601 2800 1658 2833 ha-
