1831 3023
515 242 984 274 METAMORPHOSEON
1021 243 1119 274 mn.
1155 246 1197 276 v.
1469 238 1582 280 1153

127 337 374 380 Dummodo
394 335 545 379 reddat
565 347 689 378 eam:
719 347 863 388 neque
883 336 996 376 enim
1014 336 1221 390 praedone
1240 338 1397 381 marito

128 404 246 447 Filia
267 406 397 458 digna
416 408 490 444 tua
510 407 601 454 est3
632 403 670 444 si
684 402 779 456 Jam
800 416 899 444 mea
918 402 1009 444 filia
1025 404 1156 457 digna
1176 408 1260 445 est.

123 471 296 527 Jupiter
315 472 491 525 excepit
508 485 517 512 :
549 469 789 511 Commune
805 476 873 512 est
893 471 1051 525 pignus
1073 484 1274 526 onusque

126 539 247 582 Nata
265 541 369 581 mihi
389 543 531 580 tecum
549 552 558 580 ε
589 538 683 588 sed,
705 539 742 579 si
766 539 898 581 modo
919 540 1099 581 nomina
1117 541 1248 581 rebus

124 607 299 648 Addere
322 620 425 648 vera
443 606 602 660 placet,
629 619 716 647 non
736 607 821 648 hoc
846 607 1006 662 injuria
1025 607 1206 658 factum,
1498 609 1585 653 525

125 672 294 714 Verum
317 687 438 715 amor
456 676 546 714 est:
577 686 716 727 neque
737 675 817 715 erit
837 675 963 715 nobis
983 686 1114 728 gener
1134 674 1206 715 ille
1225 675 1397 728 pudori.

123 739 195 781 Tu
216 741 366 791 modo,
391 741 523 791 Diva,
546 740 670 781 velis.
734 740 796 782 Ut
817 741 959 782 desint
979 746 1151 793 cetera;
1184 745 1392 795 quantum
1413 748 1484 784 est

124 806 235 849 Esse
254 808 282 849 J
287 809 384 850 ovis
403 808 598 850 fratrem!
630 809 739 864 quid
760 810 879 864 quod
898 823 979 852 nec
1000 814 1147 852 cetera
1166 811 1336 862 desunt,

126 873 225 916 Nec
246 877 366 918 cedit
384 877 469 918 nisi
490 880 604 918 sorte
624 877 730 918 mihi
747 878 765 917 ’ἰ
798 879 875 919 sed
895 882 1016 920 tanta
1036 879 1197 933 cupido

124 941 173 983 Si
194 944 274 985 tibi
295 944 474 986 discidii
491 958 502 996 3
533 949 703 999 repetat
722 945 990 1000 Proserpina
1011 946 1172 988 coelum
1189 960 1199 988 :
1499 949 1584 992 530

124 1010 240 1064 Lege
260 1015 407 1053 tamen
430 1016 576 1064 certa3
609 1013 649 1054 si
672 1013 815 1054 nullos
835 1014 1018 1066 contigit
1038 1014 1129 1055 illic

124 1077 212 1120 Ore
234 1080 382 1120 cibos:
413 1092 515 1121 nam
534 1081 600 1122 sic
623 1080 860 1123 Parcarum
879 1082 1041 1124 foedere
1064 1086 1239 1125 cautum
1261 1089 1342 1126 est.

181 1145 382 1189 Dixerat.
442 1146 503 1188 At
523 1147 670 1189 Cereri
689 1152 852 1189 certum
875 1153 942 1190 est
960 1149 1144 1191 educere
1165 1154 1325 1193 natam.

125 1213 232 1255 Non
251 1214 317 1256 ita
336 1216 428 1256 fata
449 1216 620 1257 sinunt:
652 1217 861 1269 quoniam
875 1216 1048 1270 jejunia
1062 1217 1188 1271 virgo

125 1282 332 1323 Solverat
350 1296 358 1323 :
391 1287 448 1333 et,
470 1283 600 1324 cultis
622 1283 724 1324 dum
747 1284 938 1336 simplex
959 1290 1073 1325 errat
1096 1286 1140 1325 in
1160 1286 1311 1335 hortis,
1499 1287 1584 1329 535

126 1349 382 1392 Poeniceum
404 1363 539 1390 curva
557 1350 835 1403 decerpserat
854 1351 1010 1390 arbore
1030 1364 1211 1404 pomum
1229 1366 1238 1393 ε

125 1417 365 1470 Sumtaque
387 1417 567 1471 pallenti
586 1423 757 1470 septem
779 1417 834 1459 de
858 1418 1023 1459 cortice
1044 1432 1180 1473 grana

126 1484 355 1526 Presserat
377 1498 451 1525 ore
472 1497 552 1526 suo
569 1499 578 1526 :
610 1485 821 1538 solusque
842 1497 901 1525 ex
920 1485 1124 1526 omnibus
1145 1486 1252 1528 illud

124 1642 203 1673 enim
209 1641 284 1683 filia
299 1644 354 1672 tua
370 1640 482 1672 meruit
497 1640 600 1671 virum
611 1640 798 1679 praedonem,
813 1638 917 1677 sijum
933 1648 999 1669 mea
1006 1638 1081 1680 filia
1095 1639 1220 1670 meruit.
1265 1640 1393 1681 Jupiter
1404 1643 1564 1683 respondit
1574 1655 1584 1675 .-

130 1685 210 1716 Filia
221 1688 267 1715 est
279 1685 354 1715 mihi
366 1687 464 1714 tecum
476 1692 632 1714 commune
646 1683 760 1722 pignus
772 1685 802 1713 et
816 1692 909 1712 cura:
931 1683 983 1713 sed
994 1682 1022 1712 si
1034 1683 1121 1712 modo
1133 1683 1264 1713 telimas
1272 1684 1346 1715 dare
1361 1688 1445 1716 certa
1460 1687 1586 1718 nomina

124 1727 224 1763 rebus,
237 1728 292 1758 hoc
306 1727 461 1766 inceptum
474 1736 533 1756 non
549 1729 592 1756 est
610 1726 739 1763 injuria,
759 1726 811 1755 sed
826 1734 931 1755 amor:
957 1734 1052 1764 neque
1068 1725 1119 1755 ine
1132 1734 1228 1763 gener
1243 1725 1330 1756 nobis
1354 1728 1415 1758 erit
1430 1728 1584 1766 insamioe.

127 1770 221 1801 Modo
237 1773 285 1808 tu,
303 1770 387 1807 Dea,
402 1779 529 1799 annuas.
576 1768 756 1807 Quanquam
772 1768 835 1798 alia
851 1767 953 1798 omnia
968 1767 1190 1805 desiderentur,
1212 1773 1359 1808 quantum
1381 1774 1426 1800 est
1442 1781 1504 1802 esse
1512 1771 1586 1809 fra-

126 1817 204 1844 trem
219 1813 309 1843 Jorix
321 1812 336 1842 !
358 1813 431 1852 quid
447 1812 524 1851 quod
537 1820 631 1850 neque
640 1810 702 1840 alia
714 1810 940 1848 desiderantur,
952 1819 1045 1849 neque
1059 1810 1140 1840 cedit
1150 1814 1231 1841 sorte
1244 1811 1303 1841 nisi
1318 1812 1393 1842 mihi
1406 1810 1420 1843 ’.7
1471 1813 1586 1845 Verum

125 1855 152 1885 si
174 1858 295 1885 tantum
310 1854 367 1884 tibi
382 1853 567 1884 desiderium
590 1853 731 1890 dirortii,
758 1852 944 1892 Proserpina
961 1855 1078 1892 repetat
1097 1853 1202 1882 coelum
1214 1863 1225 1889 ;
1250 1857 1388 1884 attamen
1412 1856 1586 1888 conditione

116 1898 230 1938 firma.
253 1898 279 1927 si
292 1898 405 1927 nullam
418 1906 514 1927 eseam
531 1895 593 1925 illie
610 1895 719 1933 tetigit
732 1904 800 1925 ore:
822 1904 893 1924 nam
908 1894 952 1924 sic
967 1898 1120 1925 staturum
1136 1895 1254 1934 legibus
1263 1895 1343 1933 sati.
1391 1897 1584 1931 Absoh-erat.

127 1942 171 1971 :it
198 1942 291 1970 Ceres
316 1939 446 1970 decrerit
471 1939 620 1968 abducere
635 1937 751 1978 filiam.
801 1937 882 1968 Fata
897 1947 954 1967 non
978 1938 1022 1967 sic
1034 1938 1199 1977 patiuntur
1211 1950 1220 1968 .-
1245 1940 1318 1978 quia
1332 1940 1584 1979 puella-fregerat

116 1982 251 2022 jejunia,
274 1985 303 2012 et
321 1983 392 2012 darn
414 1982 538 2011 incauta
555 1985 689 2017 rogatur
707 1980 739 2009 in
765 1979 864 2009 hortis·
878 1980 980 2017 cultis,
1007 1981 1151 2011 arcuerat
1165 1991 1287 2020 pomum
1301 1983 1461 2021 puniceum
1477 1984 1585 2015 arbore

125 2035 229 2063 curva,
243 2028 272 2054 et
282 2027 435 2065 presserat
447 2033 497 2053 ore
507 2032 560 2053 suo
571 2026 684 2062 septem
696 2031 795 2060 grana
809 2025 954 2062 excerpta
967 2023 1002 2053 de
1014 2023 1126 2052 cortice
1136 2023 1251 2063 pallido
1263 2034 1272 2053 .-
1297 2028 1390 2064 atque
1401 2026 1481 2056 solus
1490 2028 1587 2057 Asca-

737 2119 794 2129 οΝ

951 2119 970 2128 e

117 2185 375 2223 feramina—521
401 2184 542 2215 Botliius
567 2183 666 2214 vind.
683 2183 787 2213 Ovid.
805 2182 946 2223 praefert
963 2184 1040 2215 lect.
1065 2183 1216 2214 Berolin.
1234 2184 1361 2216 Dumm.
1378 2186 1586 2218 reddatur.—

125 2230 187 2260 522
213 2227 256 2258 N.
275 2233 310 2258 et
326 2237 392 2258 sec.
411 2226 618 2265 Medsdigna
634 2230 702 2263 est;
727 2227 784 2257 alii
800 2236 858 2257 non
884 2229 1049 2257 εει-526
1070 2227 1287 2268 Schepperus
1305 2238 1366 2268 pro
1393 2240 1480 2260 amor
1495 2231 1586 2271 conj.

124 2271 337 2302 lunum—530
362 2270 499 2301 Discidit·
514 2279 629 2300 omnes
647 2270 721 2300 libri
752 2269 870 2310 scripti
886 2280 893 2300 ε
920 2269 1009 2307 vulg.
1025 2270 1148 2300 dissidii
1164 2274 1221 2301 est.
1250 2271 1382 2311 Repetat
1409 2282 1452 2303 ex
1471 2273 1510 2304 R.
1529 2274 1586 2305 alii

124 2313 261 2355 repetit,·
300 2313 449 2344 Berolin.
487 2315 726 2353 repetet.—-532
766 2314 924 2345 Quatuor
952 2312 1029 2343 libri
1059 2314 1156 2343 visum
1178 2317 1248 2350 est,·
1297 2315 1432 2352 Fragm.
1474 2316 1585 2348 Boxli.

123 2360 238 2387 certum
254 2360 321 2393 εει,-
346 2357 523 2395 Langern».
539 2359 657 2386 eretum
678 2359 747 2392 αι,-
770 2356 849 2388 Jun.
866 2360 900 2386 et
925 2355 1074 2386 Berolin.
1099 2359 1224 2395 pactum
1240 2360 1295 2387 est.
1322 2357 1464 2389 Plurimi
1481 2359 1584 2390 etiam

123 2399 282 2430 omittunt
299 2401 464 2430 exn—533
489 2399 629 2429 Plurimi
646 2399 793 2429 deducere
810 2400 980 2429 παι-4534
1006 2398 1229 2436 Berolin.fat.
1250 2399 1480 2437 serunt.—535
1503 2403 1585 2433 Tres

123 2442 227 2484 antiq.
251 2442 334 2473 Solu.
369 2442 525 2481 irriguis;
549 2441 639 2482 quod
669 2441 788 2473 Heius.
806 2440 890 2472 fecit
905 2444 936 2471 et
966 2442 1078 2481 riguis,
1106 2442 1126 2473 i.
1144 2451 1173 2473 e.
1193 2453 1274 2484 quas
1292 2444 1382 2474 rivus
1399 2445 1583 2476 interseca-

781 2559 925 2592 NOTAE

169 2650 229 2678 52⁵
246 2647 314 2678 Non
323 2646 378 2678 hoc
392 2647 523 2687 injuria]
535 2647 827 2689 Argutequidem,
881 2657 941 2679 suo
959 2647 1079 2679 Poeta.

128 2707 195 2728 non
226 2702 337 2728 tamen
367 2707 470 2736 vere3
512 2708 588 2730 nam
619 2703 655 2730 et
683 2699 828 2730 amando
925 2701 989 2730 529
1011 2698 1119 2739 Sorte]
1142 2699 1218 2732 Qua
1234 2699 1372 2739 Jupiter
1390 2698 1487 2738 Coeli,
1505 2699 1585 2731 Plu·

128 2747 275 2779 maxima
303 2752 415 2787 potest
437 2747 551 2780 offerri
575 2749 711 2790 injuria,
728 2749 828 2780 immo
883 2755 918 2780 to
935 2747 1068 2780 Inferni
1083 2759 1142 2780 rex
1160 2748 1282 2787 factus,
1297 2753 1331 2779 et
1348 2749 1454 2779 Deus.

130 2802 226 2830 tauta
252 2802 290 2828 ut
318 2797 372 2827 vix
397 2798 464 2829 un·
486 2799 600 2839 major.
644 2800 710 2831 Sed
734 2809 828 2832 more
925 2802 987 2831 5³5
1011 2799 1168 2840 Simplex]
1194 2798 1320 2830 Rerum
1336 2799 1505 2840 imperita.

215 2849 329 2893 Delph.
345 2854 374 2882 et
394 2850 467 2883 Var.
485 2852 569 2885 Cha.
822 2853 921 2886 Ouid.
1419 2856 1438 2885 t
1462 2853 1495 2884 D
