1831 3023
213 160 327 203 1422
702 172 744 201 P.
776 169 934 200 ovmu
967 167 1180 199 NAsoNJs

213 265 392 309 Recidit
411 267 456 308 in
476 267 661 309 solidam
679 267 812 319 longo
828 267 933 319 post
953 260 1146 317 tempore
1167 266 1326 304 terram
1575 259 1660 303 180

213 334 394 377 Pondus
411 349 420 376 :
442 339 483 376 et
502 335 701 376 exhibuit
713 334 912 387 junctam
933 343 1035 370 cum
1054 331 1218 371 viribus
1240 334 1393 370 artem.

216 402 423 444 Protinus
443 401 712 454 imprudens,
735 403 943 449 actusque
965 397 1172 449 cupidine
1190 396 1295 445 ludi,

214 468 385 509 Tollere
404 467 660 510 Taenarides
680 465 828 505 orbem
848 464 1134 516 properabat:
1166 469 1211 506 at
1229 464 1350 505 illum

215 536 341 576 Dura
361 545 618 587 repercusso
640 530 830 583 subjecit
851 531 906 570 ab
928 528 1026 570 a'ere
1045 531 1172 572 tellus

216 602 267 642 In
288 601 445 647 vultus,
470 597 741 651 Hyacinthe,
763 600 875 637 tuos.
939 595 1169 648 Expalluit
1188 610 1328 651 aeque,
1575 593 1661 636 185

213 666 282 707 Ac
302 679 423 719 puer,
443 665 540 718 ipse
561 664 706 704 Deus:
739 663 1052 716 collapsosque
1075 664 1243 717 excipit
1262 668 1402 705 artus:

214 732 272 775 Et
290 731 420 772 modo
441 735 484 771 te
501 731 664 773 refovet
681 746 689 772 :
720 731 853 771 modo
873 731 1013 770 tristia
1029 730 1208 771 vulnera
1226 732 1386 772 siccat:

214 800 346 841 Nunc
369 799 558 839 animam
579 799 767 839 admotis
786 798 1018 850 fugientem
1038 798 1224 838 sustinet
1240 799 1401 839 herbis.

215 866 295 908 Nil
314 870 497 920 prosunt
515 869 656 907 artes:
688 868 778 906 erat
798 864 1121 905 immedicabile
1142 865 1319 905 vulnus.

214 934 278 975 Ut
297 934 336 974 si
357 934 454 986 quis
476 932 637 982 violas,
657 932 836 984 riguove
855 943 1051 985 papaver
1069 932 1114 972 in
1131 931 1268 980 horto,
1578 929 1661 971 190

215 1001 412 1052 Liliaque
430 999 648 1049 infringat,
670 998 802 1039 fulvis
821 999 1030 1040 haerentia
1043 999 1177 1051 virgis
1197 1012 1209 1050 ;

214 1066 415 1108 Marcida
436 1065 662 1106 demittant
678 1066 825 1106 subito
845 1069 980 1118 caput
1000 1065 1077 1105 illa
1096 1067 1320 1118 gravatum
1338 1077 1350 1115 3

214 1134 314 1176 Nec
337 1146 383 1173 se
403 1133 670 1184 sustineant3
702 1135 988 1186 spectentque
1009 1132 1234 1173 cacumine
1251 1135 1407 1172 terram
1424 1143 1433 1171 :

214 1282 317 1313 a'e'rem
332 1286 361 1313 et
377 1281 522 1312 discussit
537 1281 629 1313 nubes
655 1280 789 1319 objectas
807 1281 951 1321 pondere.
997 1281 1124 1311 Pondus
1137 1280 1250 1312 recidit
1269 1281 1303 1311 in
1315 1281 1424 1312 duram
1441 1283 1558 1311 terram
1573 1281 1663 1320 longo

211 1327 278 1363 post
300 1327 443 1364 tempore,
467 1328 497 1354 et
523 1324 656 1354 ostendit
677 1324 826 1363 peritiam
851 1324 990 1354 additam
1004 1324 1131 1354 viribus.
1178 1323 1329 1354 Continuo
1344 1323 1527 1355 temerarius
1555 1324 1664 1354 Taena-

214 1367 306 1405 rides,
321 1367 468 1405 impulsus
482 1366 634 1396 desiderio
649 1365 907 1404 ludi‚sestinabut
922 1366 1028 1396 tollere
1042 1367 1158 1395 discum
1169 1377 1178 1395 :
1200 1369 1233 1395 at
1247 1366 1343 1396 solida
1358 1369 1444 1395 terra
1464 1365 1586 1396 remisit
1595 1365 1664 1396 sub-

214 1409 309 1438 latum
326 1409 357 1438 in
372 1408 471 1438 a'e'rem
488 1408 520 1437 in
528 1407 647 1445 saciem
659 1410 756 1444 tuam,
773 1407 963 1447 Hyacinthe.
1008 1408 1077 1446 Ipse
1093 1408 1179 1438 Deus
1193 1417 1276 1447 oeque
1296 1407 1447 1447 expalluit
1461 1416 1497 1437 ac
1509 1417 1586 1447 puer
1597 1418 1610 1445 ;
1632 1411 1664 1438 et

213 1450 296 1480 tollit
319 1449 453 1480 membra
468 1450 618 1489 collapsa:
641 1452 669 1479 et
684 1450 770 1479 modo
787 1452 816 1479 te
831 1450 929 1490 reficit
943 1460 953 1485 ;
977 1450 1064 1480 modo
1079 1449 1230 1488 abstergit
1253 1451 1404 1480 luctuosas
1422 1449 1531 1489 plagas
1543 1460 1554 1485 ‚·
1576 1450 1664 1480 modo

214 1492 326 1523 retinet
354 1492 497 1532 spiritum
526 1494 733 1531 erumpentem
758 1492 953 1530 graminibus
976 1491 1136 1522 adhibitis.
1190 1491 1286 1522 Artes
1313 1492 1427 1522 nullius
1440 1495 1510 1521 sunt
1540 1491 1664 1522 auxilii.

220 1534 336 1565 Vulnus
350 1537 416 1564 erat
431 1534 610 1564 insanabile.
657 1534 916 1568 Quemadmodum
930 1535 957 1564 si
973 1534 1041 1573 quis
1052 1536 1169 1564 atterat
1184 1534 1290 1573 violas,
1312 1536 1359 1565 vel
1371 1543 1504 1574 papaver
1526 1534 1559 1564 in
1573 1533 1664 1564 horto

213 1577 316 1615 riguo,
331 1580 382 1606 aut
399 1576 465 1606 Zilia
473 1576 585 1614 juncta
600 1575 757 1614 subnigris
770 1576 917 1615 caulibus,
931 1577 986 1606 illa
992 1576 1130 1616 flaccida
1140 1576 1250 1606 statim
1264 1577 1437 1616 deprimant
1445 1579 1537 1615 caput
1546 1576 1663 1615 laesum,

212 1628 305 1659 neque
319 1628 351 1649 se
365 1619 550 1657 sustineant,
566 1620 596 1648 et
611 1617 777 1657 respiciant
803 1620 920 1647 terram
938 1618 1074 1657 fastigio
1087 1629 1096 1648 .-
1119 1618 1163 1648 sic
1175 1617 1278 1655 facies
1291 1618 1471 1649 moribunda
1485 1619 1621 1659 languet,
1633 1621 1664 1650 et

820 1710 1055 1724 eeeeeeeeeee

215 1775 292 1816 quia
304 1785 353 1807 vs.
380 1785 449 1807 sec.
473 1776 597 1808 iterum
622 1776 810 1818 repetitur-3
847 1775 936 1816 conj.
967 1784 1050 1817 ergo
1073 1776 1219 1813 verbere;
1241 1776 1386 1807 Bothius
1410 1775 1484 1807 vult
1504 1775 1666 1807 robore.—

216 1821 277 1849 180
300 1818 444 1851 Quidam
461 1820 601 1858 Decidit,
614 1819 701 1860 quod
717 1819 830 1859 placet
847 1819 1024 1850 Constant.
1040 1819 1184 1851 Fanens.
1206 1819 1312 1850 Gron.
1338 1818 1455 1849 Incidit
1465 1829 1477 1856 ;
1501 1823 1573 1850 tres
1587 1819 1664 1850 libri

217 1860 353 1893 Occidit.
374 1862 468 1892 Tunc
487 1862 530 1893 Ο.
549 1867 585 1893 et
602 1861 754 1892 nonnulli
776 1861 833 1892 alii
855 1864 924 1901 post
948 1861 1029 1900 long.
1053 1864 1254 1902 temp.—-182
1278 1862 1337 1892 Pr.
1363 1860 1495 1892 Erfurt.
1523 1865 1560 1892 et
1579 1870 1664 1893 unus

215 1902 310 1934 Leid.
324 1904 498 1935 incumbens
512 1913 573 1944 pro
588 1904 773 1944 imprudens.
817 1904 859 1934 In
876 1912 991 1934 vocem
1007 1907 1152 1944 actusque
1165 1904 1300 1934 variant
1325 1903 1402 1934 libri
1417 1913 1425 1941 ;
1448 1906 1580 1943 tactu-sq.
1594 1913 1666 1945 cap-

215 1948 294 1985 tusq.
311 1947 427 1986 laetusq.
442 1947 573 1986 υἱοί-κει).
586 1947 720 1986 avidusq.
736 1949 874 1986 raptusq.
901 1945 1107 1986 scribuntur,
1122 1956 1197 1987 quae
1214 1945 1324 1976 omnia
1340 1945 1479 1976 defendi
1495 1950 1638 1985 possunt
1652 1956 1663 1978 :

215 1986 350 2025 plurimi
370 1988 478 2019 Codd.
503 1989 650 2029 artisque,
666 1988 727 2020 sed
741 1989 922 2027 artemjam
950 1992 1182 2028 praecesserat.
1225 1988 1308 2019 Ludi
1333 1992 1385 2018 est
1400 1987 1435 2017 in
1450 1987 1563 2018 multis
1578 1992 1664 2020 vett.

215 2028 274 2059 sed
291 2030 383 2069 vulg.
399 2031 525 2070 legitur
551 2032 657 2067 lusus;
690 2031 740 2061 ΕΙ.
769 2031 802 2060 S.
831 2029 942 2060 Marci
970 2029 1074 2060 habet
1090 2030 1219 2068 jussus,-
1248 2031 1366 2060 Burin.
1395 2030 1484 2069 conj.
1507 2029 1664 2060 biudis.—

216 2072 278 2101 184
300 2071 360 2102 Pr.
376 2072 469 2103 Med.
495 2073 627 2103 Thuan.
655 2077 690 2103 et
709 2072 764 2102 alii
782 2073 865 2103 Dur.
892 2073 1176 2111 repercussum...in
1198 2072 1289 2103 ae'ra:
1311 2074 1398 2111 (tum
1414 2071 1595 2112 legendum
1612 2082 1663 2104 vs.

216 2121 288 2152 seqz
304 2118 420 2144 monet
437 2114 557 2144 Heius.
604 2115 648 2145 Et
676 2115 787 2154 tultus,
812 2112 1003 2154 Hyacinth.)
1024 2114 1145 2145 Heius.
1162 2114 1258 2145 dedit
1272 2113 1517 2154 repercusso...ab
1533 2114 1605 2145 a'e're
1620 2123 1664 2145 ex

215 2163 283 2185 uno
300 2154 490 2194 Arg—186
513 2155 580 2186 Alii
605 2156 681 2192 Qui,
696 2157 748 2186 vel
775 2156 876 2189 Quam
898 2165 999 2195 pner,·
1020 2155 1067 2186 Ac
1093 2161 1145 2188 est
1160 2166 1202 2186 ex
1218 2156 1351 2187 Bonon.
1377 2156 1512 2187 Deinde
1526 2156 1664 2197 quidam

214 2197 281 2228 coll.
296 2198 422 2237 accipit,
438 2199 491 2228 vel
506 2198 628 2237 exigit:
651 2197 772 2229 Heius.
798 2197 888 2237 conj.
913 2197 1125 2236 erigit—187
1150 2199 1219 2230 Pro
1239 2202 1272 2230 te
1289 2199 1432 2230 Bothius
1447 2198 1565 2230 mallet
1577 2208 1664 2230 se.—

216 2241 279 2269 190
301 2240 446 2279 Papauer
475 2239 571 2270 dedit
597 2239 717 2270 Heius.
743 2249 784 2270 ex
809 2240 853 2270 N.
881 2238 1012 2271 Arund.
1028 2245 1063 2272 et
1085 2251 1144 2272 sex
1161 2241 1258 2279 aliis;
1282 2242 1374 2281 vulg.
1387 2244 1660 2281 papavera—191

216 2281 268 2311 Ex
299 2281 408 2313 Codd.
430 2281 527 2321 virgis
554 2282 752 2322 plerumque
782 2281 815 2311 in
832 2280 920 2312 Edd.
935 2280 1057 2313 datur:
1083 2283 1141 2313 sed
1169 2282 1304 2324 quidam
1322 2284 1428 2323 lignis,
1455 2284 1508 2314 vel
1523 2284 1663 2323 lingui-33

217 2323 323 2355 Gron.
338 2329 374 2354 et
390 2333 475 2355 unus
491 2324 585 2355 Med.
609 2324 738 2364 truncis,
754 2324 844 2365 quod
872 2324 1047 2356 Gronovio
1074 2326 1249 2367 placebat3
1272 2326 1373 2367 pauci
1399 2326 1518 2366 signis.-
1542 2326 1662 2359 Heius.

870 2431 1010 2464 NOTAE

218 2507 434 2548 praescriptos
447 2508 532 2540 fines
549 2508 734 2542 decideret.
965 2522 986 2543 a
1009 2513 1151 2546 Taenaro
1179 2513 1335 2547 Laconiae
1360 2514 1589 2556 promontorio
1613 2514 1662 2546 sic

259 2561 320 2590 181
344 2559 471 2599 Artem]
504 2559 594 2592 Quia
618 2560 661 2591 ad
684 2571 836 2602 scopum,
859 2566 912 2593 ut·
964 2562 1088 2595 dictus.

215 2616 360 2649 cumque
385 2608 421 2639 in
441 2609 546 2640 altum
561 2614 597 2642 et
619 2611 654 2642 in
670 2621 788 2653 gyrum
805 2616 912 2654 actus,
1008 2616 1069 2644 186
1093 2614 1193 2655 Deus]
1228 2615 1367 2658 Apollo,
1393 2615 1451 2658 qui
1474 2619 1662 2649 mactatum

214 2658 331 2689 discus
346 2658 515 2699 pervenit.
964 2673 1105 2705 puerum
1120 2664 1219 2698 vidit.

259 2710 321 2739 183
340 2708 533 2750 Tcenarides]
557 2709 770 2751 Hyacinthus
786 2713 912 2754 Lacon,
