1831 3023
546 233 1020 266 METAMORPHOSEON
1054 234 1152 266 LIB.
1184 236 1248 266 lv.

1513 227 1626 269 1077

178 335 386 377 Poscitur
405 330 622 380 Alcithoe,
643 335 879 383 postquam
902 331 1058 372 siluere
1082 343 1283 371 sorores:

179 402 291 453 Quae
313 400 434 441 radio
457 399 614 439 stantis
637 410 890 450 percurrens
910 400 1097 439 stamina
1117 399 1231 447 telae,

1542 397 1626 440 275

176 468 393 520 vulgatos
414 472 552 515 taceo,
573 465 698 514 dixit,
722 466 911 518 pastoris
933 478 1102 506 amores

178 535 424 588 Daphnidis
447 534 574 582 Idaei,
599 546 729 586 quem
753 533 958 587 Nympho
980 533 1155 587 pellicis
1175 533 1241 573 ira

177 601 372 643 Contulit
394 597 436 641 iu
457 614 636 641 saxum:
668 605 818 641 tantus
839 600 960 641 dolor
980 601 1065 641 urit
1083 604 1293 640 amantes.

233 668 332 710 Nec
353 669 522 722 loquor,
544 672 588 709 ut
609 667 829 721 quondam
850 672 1017 709 naturae
1034 667 1134 721 jure
1152 672 1316 710 novato

177 734 422 789 Ambiguus
442 736 568 776 fuerit
587 735 718 776 modo
737 735 818 784 vir,
839 735 970 776 modo
991 735 1185 785 foemina,
1207 734 1416 789 Scythou.

1545 732 1628 774 280

231 803 296 844 Te
317 816 509 857 quoque,
531 816 645 844 nunc
666 802 866 852 adamas,
891 803 1108 855 quondam
1128 802 1340 843 fidissime
1360 813 1513 855 parm,

176 869 332 920 Celmi,
354 870 383 911 J
387 872 482 912 ovi:
512 871 723 924 largoque
743 874 860 912 satos
881 870 1066 911 Curetas
1088 871 1143 911 ab
1164 870 1304 911 imbri.

176 1001 310 1023 numero.
346 991 491 1023 Alcithoe⁸
514 993 643 1032 petitur,
668 996 827 1033 postquam
842 1003 962 1024 sorores
980 994 1215 1028 conticuerunt;

1238 1002 1304 1032 quoe
1319 992 1412 1022 telam
1434 995 1542 1021 texens
1549 990 1630 1030 jugo

174 1034 350 1074 alligatam,
368 1035 482 1073 Tritos,
497 1036 611 1075 inquit,
635 1039 786 1076 proetereo
801 1046 921 1067 amores
934 1036 1112 1077 Daphnidis
1124 1035 1259 1076 pastoris
1272 1035 1363 1073 Idaei,
1377 1044 1465 1074 quem
1482 1034 1631 1074 Nympha

174 1078 306 1108 mutavit
320 1079 353 1108 in
368 1079 498 1118 lapidem
523 1079 624 1108 dolore
639 1079 805 1109 adulterae:
831 1082 920 1110 tantu
942 1079 991 1110 ira
1015 1080 1145 1117 instigat
1162 1080 1310 1108 amantes.
1358 1077 1466 1117 Neque
1489 1077 1570 1114 dico,
1596 1080 1630 1106 ut

175 1119 247 1150 olim
274 1119 412 1160 Scython
431 1120 537 1158 fuerit
565 1120 739 1159 ambiguus,
770 1131 849 1152 nunc
876 1132 951 1157 mas,
982 1132 1060 1152 nunc
1080 1121 1226 1159 foemina,
1255 1120 1331 1157 jure
1354 1124 1475 1150 nuturae
1500 1122 1630 1149 mutam.

178 1163 297 1194 Omitto
313 1167 344 1193 te
359 1164 466 1202 etiam,
486 1164 596 1203 calmi,
605 1163 676 1201 jam
695 1165 832 1204 adamas,
846 1165 919 1195 olim
926 1165 1109 1206 fidelissime
1122 1173 1217 1204 parvo
1231 1163 1304 1193 Jovi
1317 1173 1327 1199 ;
1349 1165 1378 1192 et
1398 1163 1530 1192 Curetas
1548 1164 1632 1192 ortos

787 1254 901 1266 eeeeee

907 1255 1023 1266 eeeeee

174 1324 338 1353 est—277
364 1320 484 1351 Heius.
500 1331 562 1360 pro
579 1320 658 1350 Idaei
675 1319 769 1350 malit
786 1319 900 1355 Idaeae;
923 1321 995 1350 scil.
1014 1320 1107 1350 ldoeae
1120 1318 1250 1359 pellicis.
1275 1318 1345 1350 Alii
1360 1328 1449 1359 quem
1463 1319 1630 1360 Nympha.

175 1366 281 1395 —278
304 1364 426 1394 Plures
443 1363 614 1394 Transtulit
631 1363 662 1392 in
677 1372 798 1399 saxum,
815 1362 984 1401 probante
1001 1362 1290 1393 Fa1·nabio.—279
1313 1362 1353 1392 In
1369 1363 1537 1393 nonnullis
1563 1363 1631 1393 Nec

175 1408 396 1448 loquum—280
422 1406 464 1437 In
486 1406 622 1437 Caelest.
649 1404 740 1436 Δηώ.
757 1403 892 1442 fuerat;
924 1405 956 1434 in
975 1405 1049 1436 aliis
1063 1405 1170 1446 fieret.
1201 1405 1242 1436 In
1272 1405 1442 1436 nonnullis
1468 1405 1629 1437 scribitur

832 1502 972 1534 NOTAE

176 1578 266 1610 inter
282 1587 318 1609 se
332 1578 524 1610 cohaereant
536 1578 586 1609 hae
599 1576 790 1609 fabularum
803 1587 876 1608 nar·

175 1629 334 1661 rationes.

217 1682 281 1711 274
318 1679 480 1720 Poscitur]
515 1679 564 1711 Ut
590 1679 692 1710 etiam
717 1678 876 1711 fabellam

175 1730 323 1772 aliquam
341 1735 470 1762 narret.
775 1754 778 1760 .

218 1783 280 1811 275
307 1781 408 1812 Radia
432 1781 560 1821 semitis]
582 1780 624 1811 Id
648 1785 711 1818 est,
727 1789 802 1820 quae
826 1785 876 1811 te-

178 1830 243 1860 lam
272 1830 366 1861 radio
397 1835 530 1860 texens.
587 1830 731 1860 Radiuui
762 1835 877 1860 autem

177 1879 321 1910 dicimus
349 1879 417 1910 Une
431 1883 555 1910 narem
569 1881 606 1909 de
621 1881 762 1910 tisserun.

219 1932 282 1960 277
318 1929 512 1970 Daphnidis]
550 1929 625 1959 Fuit
655 1929 681 1958 is
714 1929 878 1958 Mercurii

175 1978 276 2020 filius,
299 1979 396 2020 cujus
420 1979 595 2010 interitum
612 1977 776 2018 Virgilius
796 1987 876 2018 quo-

176 2038 241 2071 que
259 2034 334 2070 post
349 2028 565 2060 Theocritum
582 2026 733 2058 deflevit.
780 2027 878 2059 Illius

175 2079 347 2111 historiam
375 2080 430 2110 alii
457 2079 557 2109 aliter
581 2084 740 2109 narrant:
764 2088 878 2110 verum

175 2129 368 2162 Christiano
396 2129 530 2160 homine
566 2129 712 2159 maxime
745 2128 881 2160 videtui·

177 2179 351 2222 indignum
368 2181 512 2211 anilibus
528 2180 721 2221 nulliusque
739 2190 817 2211 usus
831 2179 879 2211 fa-

176 2231 288 2271 bellis,
306 2232 452 2263 Ethnico
479 2232 581 2262 etiam
606 2231 802 2271 contemtis,
824 2241 880 2263 co-

176 2281 374 2323 gitationem
391 2292 482 2313 suam
496 2290 733 2321 conspurcare.
776 2282 878 2314 Quod

177 2331 314 2373 quidem
331 2333 449 2371 semel,
472 2332 649 2363 occasione
665 2332 758 2371 data,
775 2342 879 2363 auno-

178 2386 252 2414 tare
268 2381 380 2422 libuit,
397 2388 446 2420 ut,
475 2383 501 2412 si
522 2382 608 2413 forte
633 2381 675 2412 ad
701 2383 878 2413 nonnullos

176 2432 435 2474 quisquiliarum
447 2433 752 2473 consarcinatores,
763 2434 880 2475 quales

177 2483 312 2525 quidem
343 2485 520 2515 nonnullos
550 2484 638 2523 novi,
671 2484 721 2514 11ae
752 2490 880 2516 nostrae

178 2539 267 2565 notae
295 2535 510 2575 perveniant,
528 2545 627 2576 quam
654 2536 816 2574 misellos,
841 2546 881 2567 eo

179 2585 323 2625 majores
339 2586 449 2616 sciant
467 2586 593 2616 habere
611 2585 713 2616 studii
729 2586 778 2616 sui
803 2595 880 2616 con-

180 2638 353 2666 temeres.
410 2636 447 2666 ld
480 2645 576 2666 omne
605 2636 716 2666 sciunt
747 2636 881 2676 plurimi

180 2684 270 2725 quod
292 2686 573 2725 obliviscendum,
596 2686 685 2727 quod
711 2686 744 2716 in
773 2692 881 2717 totum

181 2733 313 2764 nescire
341 2734 460 2767 fuisset
484 2737 587 2775 utile;
610 2737 693 2767 nibil
717 2737 805 2768 illius
822 2738 884 2769 sci-

183 2788 255 2823 unt,
271 2783 359 2825 quod
376 2786 483 2818 solum
499 2786 586 2819 scire
606 2787 700 2828 utile,
718 2796 784 2820 nou
801 2788 882 2820 satis

931 1579 1017 1609 scire
1041 1583 1094 1609 est
1109 1578 1247 1610 inutile:
1271 1588 1377 1619 usque
1402 1578 1488 1611 adeo
1514 1578 1548 1609 in
1575 1588 1633 1610 sua

931 1627 1096 1669 sapientia
1109 1633 1225 1659 errant
1238 1628 1424 1669 sapientes.

966 1679 1489 1720 Idaei]Phrygii,ve1Cretensis;
1507 1680 1634 1721 quippe

931 1730 1016 1761 etin
1034 1730 1185 1770 Phrygia
1211 1734 1247 1760 et
1269 1730 1302 1760 in
1320 1731 1425 1761 Creta
1439 1739 1534 1761 mons
1557 1729 1635 1761 Ida.

931 1780 1080 1811 Siculum
1096 1780 1186 1811 hunc
1201 1779 1360 1811 fecerunt
1381 1780 1451 1821 alii,
1466 1781 1530 1812 nisi
1547 1779 1636 1812 forte

932 1831 1045 1870 plures
1061 1828 1212 1860 fuerunt.

974 1881 1037 1909 280
1073 1878 1224 1919 Scythen]
1258 1879 1310 1909 De
1337 1887 1403 1920 quo
1429 1878 1513 1909 nihil
1540 1879 1635 1920 quic-

931 1938 1030 1968 quam
1046 1929 1200 1967 reperire
1226 1929 1321 1968 potui
1345 1929 1434 1969 quod
1448 1934 1543 1962 certo
1565 1931 1635 1962 fac-

932 1983 1023 2009 tum:
1050 1982 1145 2008 tanto
1160 1978 1290 2010 melius.

975 2031 1038 2059 282
1064 2028 1178 2068 Celmi]
1202 2029 1281 2060 Fuit
1296 2029 1351 2060 hic
1366 2039 1452 2061 unus
1467 2039 1509 2061 ex
1533 2031 1636 2063 Idaeis

933 2079 1108 2119 Dactylis‚
1123 2079 1220 2111 Jovis
1236 2080 1412 2118 nutritius,
1427 2081 1481 2112 cui
1499 2082 1637 2123 quidem

934 2131 1076 2170 parvulo
1099 2131 1240 2162 multum
1265 2131 1421 2171 dilectus,
1436 2141 1455 2162 a
1470 2141 1537 2173 quo
1560 2142 1636 2173 pos-

933 2186 1002 2220 tea,
1018 2181 1106 2222 quod
1131 2182 1308 2213 mortalem
1326 2192 1403 2213 eum
1420 2183 1639 2224 vulgavisset,

933 2231 966 2261 in
983 2231 1198 2263 adamantem
1211 2236 1363 2264 mutatus
1379 2237 1442 2265 est.

979 2282 1126 2323 Curetas]
1152 2283 1305 2314 Fuerunt
1328 2284 1473 2315 Curetes
1498 2284 1639 2316 Creten-

933 2341 985 2363 ses
1016 2334 1145 2374 populi,
1176 2334 1217 2364 ab
1242 2333 1375 2374 AEtolis‚
1400 2338 1439 2366 ut
1469 2335 1638 2366 nonnullis

934 2384 1060 2424 placet,
1082 2383 1227 2423 oriundi,
1242 2384 1455 2426 Corybantes
1472 2384 1576 2416 etiam
1603 2391 1639 2416 et

934 2434 1019 2465 Ida-,i
1049 2435 1190 2475 Dactyli
1217 2436 1316 2476 vulgo
1341 2436 1520 2476 appellati,
1536 2445 1638 2477 quau-

935 2493 1036 2526 quam
1053 2494 1070 2515 a
1088 2485 1254 2516 nonnullis
1270 2485 1541 2526 distinguuntur:
1573 2485 1640 2516 dae-

935 2544 1052 2565 mones
1067 2535 1229 2575 itemque,
1241 2539 1299 2566 aut
1316 2535 1369 2566 Dii
1387 2536 1521 2567 crediti.
1543 2535 1639 2567 Jovis

935 2584 1075 2616 suerunt
1092 2586 1233 2625 nutritii,
1254 2591 1289 2616 et
1312 2586 1457 2627 Cybeles
1473 2585 1638 2617 Sacerdo-

937 2640 999 2675 tes,
1022 2635 1065 2666 (le
1090 2646 1230 2677 quorum
1259 2637 1390 2677 origine
1411 2635 1638 2666 diversissima

935 2686 1148 2727 scripserunt
1164 2687 1369 2728 Mythologi‚
1380 2691 1480 2727 atque
1494 2685 1558 2717 alia
1571 2695 1639 2718 om-

936 2737 992 2769 nia
1018 2748 1118 2779 quam
1146 2748 1221 2779 quae
1248 2738 1303 2769 hic
1328 2735 1460 2777 profert
1479 2735 1637 2769 ovidius.

937 2788 993 2821 De
1010 2788 1051 2820 iis
1067 2788 1199 2830 prolixe
1216 2786 1350 2819 Natalis
1365 2787 1496 2819 Comes.
