1831 3023
169 272 284 316 1530
655 285 695 315 P.
731 283 890 314 ov1n11
924 284 1135 316 NAsoms

174 377 407 433 Multaque
427 393 495 420 me
512 379 692 431 fugiant,
715 379 865 432 primis
888 383 1086 431 spectata
1108 380 1191 420 sub
1213 379 1363 431 annis3

176 446 314 487 Plura
336 451 480 486 tamen
501 446 703 485 memini:
735 458 832 493 nee,
856 458 955 498 quae
977 448 1116 499 magis
1136 447 1304 487 haereat
1323 447 1413 496 illa,

175 512 362 554 Pectore
382 526 449 552 res
469 515 621 551 nostro
644 514 726 559 est,
746 511 856 551 inter
875 511 1064 565 bellique
1085 514 1292 566 domique
1544 512 1631 554 185

176 579 295 621 Acta
317 583 394 618 tot.
455 576 524 618 Ac
545 580 581 618 si
603 591 732 631 quem
757 580 898 632 potuit
921 581 1119 633 spatiosa
1139 585 1341 622 senectus

178 647 477 699 Spectatorem
498 658 674 698 operum
694 647 924 687 multorum
946 649 1125 689 reddere
1143 663 1152 701 ;
1187 650 1281 690 vixi

175 712 328 752 Annos
347 713 416 752 bis
438 716 632 754 centum:
663 728 774 755 nunc
795 716 923 756 tertia
944 717 1101 757 vivitur
1122 722 1250 758 aetas.

178 779 309 820 Clara
330 779 487 820 decore
507 781 587 822 fuit
607 783 751 834 proles
774 782 946 824 Elateia
966 784 1129 834 Caenis,

176 845 487 887 Thessalidum
507 849 629 900 virgo
650 849 958 900 pulcherrima3
987 864 1154 903 perque
1177 853 1462 906 propinquas,
1549 850 1634 892 190

177 913 347 966 Perque
361 918 458 954 tuas
478 916 624 963 urbes,
655 914 757 969 (tibi
778 916 891 955 enim
913 917 1158 969 populariS,
1180 916 1394 970 Achille‚)

179 980 423 1022 Multorum
440 981 603 1023 frustra
620 982 739 1022 votis
761 986 912 1035 optata
930 995 1178 1036 procorum.

177 1048 411 1089 Tentasset
432 1050 596 1090 Peleus
615 1051 830 1091 thalamos
853 1063 1030 1104 quoque
1045 1051 1232 1092 forsitan
1249 1051 1349 1091 illos
1366 1064 1377 1103 3

179 1115 265 1156 Sed
279 1117 370 1169 jam
393 1122 469 1156 aut
489 1118 760 1168 contigerant
780 1118 845 1158 illi
867 1119 1084 1158 connubia
1104 1119 1272 1168 matris,

177 1181 273 1223 Aut
293 1183 463 1224 fuerant
483 1186 716 1237 promissa,
738 1190 843 1226 tuae.
901 1185 1001 1226 Nec
1024 1185 1172 1227 Caenis
1194 1187 1239 1225 in
1259 1186 1376 1227 ullos
1550 1186 1636 1228 195

181 1250 404 1304 Denupsit
426 1251 670 1294 thalamos:
701 1257 957 1306 secretaque
979 1254 1128 1294 littora
1149 1266 1337 1306 carpens

180 1317 391 1371 AEquorei
415 1320 504 1359 vim
524 1333 660 1372 passa
679 1320 765 1361 Dei
785 1325 851 1361 est
868 1335 876 1362 :
909 1322 971 1362 ita
994 1320 1134 1362 Fama
1154 1321 1337 1362 ferebat.

181 1383 331 1438 thue
349 1398 478 1427 novae
499 1386 692 1428 Veneris
716 1387 952 1441 Neptunus
974 1388 1137 1440 gaudia
1157 1387 1272 1441 cepit
1291 1400 1301 1438 ;

181 1536 260 1566 litus
272 1545 338 1576 quoe
353 1536 419 1566 vidi
441 1536 546 1576 prima
562 1540 666 1575 oetate,
682 1539 825 1569 recordor
840 1541 942 1570 tamen
964 1539 1168 1579 plurimorum
1181 1549 1191 1569 .·
1215 1548 1309 1579 neque
1324 1542 1369 1570 est
1383 1540 1545 1580 quicquam
1560 1539 1640 1581 quod

182 1579 322 1609 tenacius
335 1580 461 1619 affixum
475 1580 519 1610 sit
542 1581 696 1610 memoria>
711 1584 827 1611 nostroe
840 1582 922 1612 inter
938 1585 985 1612 tot
999 1582 1090 1619 facta
1103 1592 1178 1621 pace
1201 1585 1231 1612 et
1255 1583 1341 1620 bello,
1357 1592 1446 1622 quam
1462 1583 1549 1613 illud.
1598 1583 1641 1613 Et

182 1622 210 1652 si
226 1621 316 1660 longa
334 1625 469 1652 vetustas
491 1622 595 1661 potuit
618 1626 768 1661 proestare
794 1624 926 1663 aliquem
950 1627 1058 1654 testem
1085 1624 1249 1654 multorum
1268 1624 1441 1663 factorum,
1464 1625 1532 1656 vixi
1546 1633 1643 1655 annos

182 1666 350 1700 ducentum
373 1674 451 1694 nunc
476 1665 571 1694 tertia
596 1667 675 1694 setas
689 1665 807 1702 agitur.
855 1667 959 1696 Coenz's
988 1666 1074 1695 Elati
1089 1666 1165 1705 filia
1191 1667 1307 1706 inclyta
1324 1666 1393 1704 fait
1409 1666 1529 1706 forma,
1541 1667 1643 1706 puella

181 1706 387 1746 pulcherrima
407 1706 622 1737 Thessalorum
636 1717 646 1736 .·
669 1706 835 1743 etfrustra
843 1707 913 1744 fait
927 1708 1026 1747 petita
1039 1708 1119 1738 votis
1135 1707 1302 1738 maltorum
1315 1718 1475 1747 procorum
1488 1718 1545 1748 per
1554 1708 1643 1739 urbes

185 1749 315 1787 vicinas,
345 1752 374 1778 et
397 1758 454 1787 per
480 1751 561 1786 tuas,
588 1748 731 1779 Achille:
754 1759 886 1789 namque
910 1750 968 1780 tibi
993 1748 1057 1780 fuit
1072 1750 1240 1789 popularis,
1288 1751 1383 1780 Forte
1408 1750 1503 1781 etiam
1530 1750 1645 1781 Peleus

182 1790 323 1830 petiisset
347 1790 418 1820 illos
440 1790 612 1821 thalamos:
634 1792 687 1821 sed
711 1794 765 1821 aut
782 1792 851 1830 jam
877 1792 926 1822 illi
949 1792 1127 1832 obtigerant
1152 1792 1295 1831 conjugia
1320 1793 1484 1832 genitricis
1500 1796 1574 1832 tuce,
1589 1796 1644 1823 aut

180 1833 310 1873 fuerant
334 1842 483 1864 concessa.
530 1834 638 1873 Neque
665 1835 769 1863 Coem's
792 1838 889 1874 nupta
916 1838 960 1865 est
986 1836 1017 1866 z'n
1045 1836 1120 1865 allos
1135 1835 1287 1865 thalamos
1295 1846 1307 1872 ,·
1330 1835 1596 1875 atque'ambulans
1609 1835 1644 1866 in

184 1877 290 1906 littore
310 1879 426 1906 remoto
446 1885 614 1916 compressa
635 1879 712 1906 esta
735 1876 803 1906 Deo
829 1878 924 1908 maris
946 1878 1079 1917 potenti.
1126 1877 1181 1908 Sic
1203 1887 1307 1908 rumor
1334 1877 1553 1909 increbruerat.
1601 1878 1646 1909 Et

181 1921 344 1959 postquam
363 1919 527 1959 Neptunus
539 1919 659 1959 potitus
673 1923 721 1949 est
734 1920 891 1960 voluptate
907 1931 993 1952 ποτα
1014 1919 1154 1960 Veneris,
1172 1920 1238 1951 Tua
1253 1921 1420 1961 desideria,
1444 1920 1559 1961 inquit,
1574 1930 1645 1953 con-

808 2014 1043 2026 eeeeeeeeeee

185 2076 254 2107 Alii
270 2077 373 2108 etiam
389 2078 493 2118 longa,
507 2079 560 2108 vel
576 2087 689 2116 magna
704 2081 817 2109 vetust.
844 2077 997 2110 Berolin.
1016 2078 1151 2119 quidem
1175 2087 1261 2116 caru,
1277 2077 1366 2118 quod
1383 2076 1526 2108 Bothius
1542 2080 1644 2117 putat

185 2129 266 2149 care.
290 2119 360 2150 Alii
376 2121 478 2159 longa,
496 2121 550 2152 vel
566 2124 660 2151 tarda
674 2123 930 2152 senectus.—183
944 2120 987 2152 0.
1005 2127 1040 2151 et
1056 2121 1122 2151 duo
1135 2121 1191 2150 alii
1207 2120 1261 2150 sub
1276 2120 1396 2155 armis;
1419 2120 1514 2150 Leid.
1530 2121 1647 2152 antris,

185 2163 292 2192 —184
308 2162 377 2191 Pro
394 2163 493 2193 Plura
508 2163 602 2193 Med.
621 2168 730 2203 quart.
746 2163 845 2193 Plena
856 2173 867 2194 .-
889 2163 976 2193 alter
994 2164 1110 2194 Multa.
1133 2162 1266 2193 Deinde
1282 2171 1366 2192 unus
1393 2162 1513 2194 Helm.
1528 2167 1564 2193 et
1579 2163 1647 2193 Be-

187 2203 284 2233 rolin.
300 2203 376 2233 hoer.
393 2205 467 2243 ulla,
482 2210 519 2235 ut
536 2209 572 2235 et
587 2205 674 2235 alter
694 2205 989 2244 Hamburg.—1S5
1012 2204 1195 2244 Aliibelliq.
1211 2205 1455 2244 domusq.—187
1481 2205 1644 2236 Nonnulli

187 2245 404 2285 suspicantur
428 2246 596 2277 excidisse
621 2252 699 2286 post
726 2248 853 2277 reddere
875 2246 1051 2286 apodosin,
1079 2255 1179 2287 atque
1207 2247 1279 2277 haec
1297 2246 1470 2277 inculcant
1484 2257 1491 2277 :
1515 2248 1645 2278 reddere

187 2291 270 2319 certe
284 2288 339 2318 Me
349 2288 463 2328 potuit,
475 2288 540 2318 vidi
552 2289 603 2328 qui
618 2292 663 2319 tot
670 2289 739 2327 jam
749 2289 859 2319 saecuta
867 2299 878 2324 ,·
892 2289 971 2328 vixi,
983 2291 1033 2329 ᾅτ.
1052 2290 1140 2320 Mor.
1155 2298 1238 2319 unus
1249 2298 1311 2329 pro
1328 2289 1395 2319 visi
1407 2289 1543 2320 exhibet
1556 2291 1650 2327 duxi,-

188 2335 228 2361 et
241 2339 288 2362 vs.
302 2340 371 2371 seq.
382 2332 529 2367 dacicum·
545 2336 581 2361 et
596 2331 660 2362 hoc
677 2331 779 2361 etiam
797 2341 849 2371 pr.
866 2331 971 2362 Gron.
990 2337 1025 2362 et
1041 2332 1123 2362 Sixii
1138 2343 1145 2362 ;
1166 2332 1242 2362 Bas.
1260 2331 1391 2363 Arund.
1405 2338 1441 2362 et
1456 2332 1544 2362 alter
1554 2333 1646 2363 Mor.

179 2372 448 2412 ,finagium—192
472 2374 604 2404 Bersm.
621 2378 656 2404 et
673 2374 828 2404 Meuard.
846 2374 1151 2414 Multorumquesuit
1166 2374 1245 2404 votis
1256 2377 1318 2414 opt.
1341 2384 1425 2414 proc.
1469 2374 1646 2414 Nonnulli,

189 2415 224 2446 iu
240 2416 361 2456 quibus
378 2417 428 2447 Fi,
459 2417 504 2447 N.
520 2416 650 2447 Thuan.
679 2417 767 2447 Mor.
783 2416 1018 2456 Multorumqne
1030 2416 1101 2454 fuit
1126 2427 1195 2457 spes
1208 2417 1360 2448 invidiosa
1371 2426 1532 2457 procorum
1547 2427 1558 2453 ,·
1585 2418 1643 2459 qui

190 2467 239 2489 vs.
251 2457 308 2490 lib.
321 2467 372 2489 lx.
388 2459 462 2490 init.
475 2459 742 2490 occurrit.—194
767 2458 807 2489 In
823 2459 971 2491 Beroliu.
987 2462 1044 2490 aut
1058 2459 1277 2490 omiss.—l95
1302 2460 1451 2490 Berolin.
1469 2459 1503 2490 in
1517 2459 1644 2490 illos.—

192 2502 253 2531 19⁷
275 2501 352 2532 Sec.
371 2501 447 2533 Pal.
463 2501 518 2532 hoc
530 2500 658 2540 itafata
672 2501 937 2539 serebant.—l98
962 2502 1041 2533 Bas.
1053 2503 1149 2541 gaud.
1164 2502 1292 2533 sumsit:
1315 2502 1357 2534 V.
1374 2506 1410 2533 et
1424 2502 1468 2533 N.
1494 2502 1644 2534 sensit.—

846 2606 985 2638 NOTAE

235 2692 298 2722 188
310 2689 373 2721 Bis
383 2689 519 2730 centum]
530 2689 635 2722 Utita
644 2689 747 2722 falsos
760 2691 890 2733 liqueat
987 2695 1047 2723 197
1071 2693 1126 2724 Ita
1160 2692 1271 2733 Fama]
1308 2692 1402 2723 Ecce
1429 2691 1645 2733 prudentiam

195 2740 252 2781 qui
267 2744 337 2771 tres
351 2740 509 2772 Nestoris
534 2745 652 2772 aetates
675 2751 738 2782 per
751 2742 891 2783 triginta
943 2743 1044 2782 senis,
1060 2743 1117 2784 qui
1142 2747 1238 2774 certa
1253 2753 1329 2784 quae
1355 2742 1437 2774 satis
1462 2752 1529 2774 non
1553 2742 1646 2776 vide-

195 2799 359 2820 annorum
382 2791 508 2832 saecula
532 2790 664 2822 minora
686 2792 891 2831 metiuntur3
944 2792 1066 2825 bantur
1080 2793 1122 2825 ad
1137 2792 1236 2825 famae
1251 2793 1354 2825 fidem
1369 2791 1527 2825 remittit.

194 2838 258 2870 nisi
272 2838 344 2880 ipse
360 2838 471 2872 Poeta
483 2839 588 2872 falsus
604 2844 667 2873 est.
