1831 3023
549 199 1020 232 METAMORRHOSEON
1055 202 1151 233 [ΑΒ.
1185 205 1257 235 ΙΧ.

181 295 318 337 Haud
337 298 516 352 poterit:
545 296 755 345 ibuntque
773 305 905 346 pares
925 293 972 334 in
990 292 1170 335 vulnera
1189 295 1344 337 fratres
1361 310 1370 337 ε

1513 199 1626 240 1377

178 362 456 417 Seductaque
474 373 577 402 suos
600 359 759 399 Manes
779 360 932 401 tellure
952 360 1125 402 videbit

177 428 323 471 Vivus
345 429 484 471 adhuc
503 431 648 468 vates:
678 427 882 480 ultusque
902 432 1080 481 parente
1100 433 1324 482 parentem

180 495 342 546 Natus,
363 497 440 537 erit
457 495 573 536 facto
593 494 695 547 pius
713 496 755 534 et
775 495 1014 535 sceleratus
1034 495 1218 536 eodem:

177 561 490 616 Attonitusque
509 561 653 609 malis,
675 560 778 601 exul
797 563 1048 615 mentisque
1069 562 1330 616 domusque,

177 628 389 671 Vultibus
410 627 718 676 Eumenidum,
739 628 977 680 matrisque
1001 629 1237 680 agitabitur
1255 630 1444 683 umbris;

1542 631 1628 673 410

179 697 336 738 Donec
356 709 454 737 eum
475 693 642 748 conjux
662 693 795 734 fatale
815 696 1072 748 poposcerit
1092 709 1244 737 aurum
1262 711 1271 737 ε

174 817 288 857 poterit
302 817 441 856 superari
456 826 518 847 nm
533 826 552 846 a
565 817 664 847 Jove:
687 819 717 846 et
724 815 848 853 fratres
861 816 1044 847 descendent
1055 816 1207 856 aequales
1195 826 1229 847 m
1244 818 1372 857 plagas:
1394 820 1423 848 et
1439 819 1524 848 vates
1534 817 1630 848 etiam

176 859 264 890 vicus
276 859 405 899 aspiciet
429 869 498 890 suos
513 859 626 890 Manes
651 861 737 890 terra
751 861 879 899 aperta.-
903 862 934 889 et
946 859 1039 900 filius
1053 859 1136 890 ultus
1161 862 1280 899 patrem
1294 863 1404 897 matre,
1430 859 1493 890 erit
1512 860 1584 900 pius
1598 863 1629 890 et

174 901 318 932 scelestus
344 902 445 932 eodem
463 901 628 939 facinore.-
654 904 684 932 et
709 900 900 941 stupefactus
923 902 1025 940 malis,
1051 902 1139 942 inops
1162 903 1274 932 mentis
1296 905 1327 932 et
1350 901 1443 941 sedis,
1465 901 1630 933 vexabitur

168 941 436 983 saciefuriarum,
451 947 480 976 et
498 944 648 975 Manibus
659 943 835 984 genitricis,
849 945 944 975 donec
958 953 1037 974 uxor·
1049 944 1088 975 ab
1103 954 1136 975 eo
1154 944 1299 984 petiverit
1315 954 1423 975 aurum
1434 943 1631 986 pestiferunt,

786 1031 823 1044 Oe
828 1032 1022 1044 '‘OOOOOOOO

176 1097 316 1120 movens.-
330 1098 414 1120 unus
425 1090 524 1121 Voss.
537 1090 620 1121 Bell.
632 1092 755 1121 manent
767 1100 777 1120 .·
801 1088 890 1120 unde
904 1088 1024 1120 Heius.
1059 1089 1142 1120 Nam
1153 1088 1185 1128 ἆ.
1196 1089 1328 1121 discord.
1338 1089 1454 1121 Thebas
1469 1089 1552 1121 Rea.
1567 1099 1631 1120 ma-

176 1131 443 1168 nent‚dix.—405
458 1133 508 1163 Fl.
520 1133 554 1163 S.
565 1133 677 1164 Marci
688 1132 787 1163 Haud
797 1135 954 1172 poterunt.
966 1132 986 1162 1
988 1132 1121 1172 buntque
1129 1132 1279 1163 correxit
1288 1132 1529 1171 Heins.vulgo‚
1533 1131 1632 1173 fient·

172 1182 247 1213 que,
261 1178 295 1204 et
310 1174 459 1204 nonnulli
474 1175 576 1205 etiam
590 1175 622 1205 in
634 1175 772 1206 vulnere.-
791 1175 942 1206 Florent.
955 1174 1291 1216 &Marci-flebuntque
1301 1186 1311 1206 .·
1333 1175 1431 1206 multi
1445 1174 1630 1215 deflentque.

177 1218 285 1247 —406
296 1216 396 1256 Vulg.
407 1216 630 1257 Subductaque.
639 1218 754 1248 Burm.
766 1216 861 1248 dedit
871 1216 1080 1256 Seductaque;
1092 1217 1150 1248 sed
1162 1223 1198 1248 et
1208 1217 1327 1248 suadet
1337 1218 1474 1255 diducta,
1483 1221 1542 1247 aut
1553 1225 1631 1247 cum

177 1265 244 1289 uno
256 1257 412 1290 Amin-os.
427 1260 594 1300 divisaque.
607 1260 791 1300 Vulgatum
807 1259 936 1291 dictum
952 1263 990 1290 ut
1002 1259 1076 1292 AEn.
1090 1268 1146 1291 nl.
1159 1262 1232 1291 565.
1246 1259 1255 1276 ‘
1267 1259 1436 1291 subducta
1451 1258 1494 1290 ad
1507 1258 1630 1290 Manes

830 1364 970 1397 No'rAE

178 1438 338 1470 Eteocles
354 1442 390 1469 et
404 1437 600 1479 Polynices,
623 1438 738 1480 OEdipi
761 1447 803 1470 ex
818 1438 878 1471 Jo-

178 1492 274 1519 casta
287 1492 394 1518 matre
411 1492 446 1519 et
459 1497 563 1519 uxore
575 1488 634 1519 filii
648 1499 656 1527 ;
683 1488 789 1529 quise
802 1497 877 1519 cum

179 1547 221 1569 ex
249 1536 386 1568 nefariis
415 1538 544 1578 nuptiis
576 1543 668 1569 ortos
696 1547 878 1579 cognosce-

177 1592 268 1625 rent,
291 1596 431 1627 regnum
458 1597 498 1618 eo
527 1586 656 1618 foedere
678 1587 878 1627 diviserunt,

178 1641 216 1667 nt
232 1637 372 1668 alternis
395 1638 490 1668 annis
514 1637 733 1678 imperarent.
777 1638 879 1669 Prior

179 1686 336 1717 Eteocles
353 1691 436 1718 natu
453 1687 561 1727 major
576 1688 694 1718 solium
710 1692 876 1727 occupat:

179 1744 294 1766 verum
311 1741 434 1767 exacto
451 1746 538 1767 anno
553 1736 649 1768 fratri
668 1746 809 1777 regnum
827 1746 879 1768 re-

181 1785 338 1824 poscenti
369 1794 434 1815 non
463 1786 580 1817 tradit.
625 1787 809 1826 Polynices
836 1787 878 1817 ad

181 1833 365 1865 Adrastum
392 1835 595 1875 Argivorum
623 1846 736 1876 regem
764 1835 879 1867 confu-

181 1883 250 1923 git3
271 1884 348 1914 hinc
366 1884 502 1915 bellum.

227 1934 403 1974 Capaneus]
439 1935 532 1965 Unus
549 1946 567 1966 e
584 1941 715 1977 septem
737 1936 880 1968 ducibus

182 1983 224 2014 ad
240 1984 386 2023 Theba«,
400 1985 546 2016 Deorum
571 1991 764 2017 contemtor
778 1988 881 2017 maxi·

181 2035 339 2074 mus,qui
356 2044 431 2064 cum
457 2036 579 2065 moenia
602 2036 700 2066 scalis
724 2045 882 2067 conscen-

181 2082 261 2113 dere
290 2087 472 2123 tentasset,
497 2083 666 2123 lapidibus
693 2096 712 2115 a
737 2095 883 2126 propug-

182 2132 341 2164 nantibus
379 2138 429 2163 est
467 2133 629 2165 obrutus:
669 2141 882 2176 quapropter

181 2181 323 2214 fulmine
341 2188 468 2214 tactum
484 2183 626 2214 fabulati
641 2189 731 2215 sunt.

225 2235 287 2263 ⁴05
327 2232 469 2273 Fratres]
507 2234 665 2264 Eteocles
699 2243 820 2275 nempe
847 2239 883 2266 et

185 2281 380 2322 Polynices,
395 2283 451 2323 qui
468 2283 592 2313 mutuis
609 2283 746 2314 taudem
768 2284 882 2315 vulne-

183 2331 276 2363 ribus
291 2331 505 2363 cet-iderunt.

227 2385 291 2414 406
334 2382 471 2422 Videbit]
510 2382 690 2413 Enimvero
722 2382 881 2423 Amphia-

185 2441 275 2473 raus,
291 2432 400 2464 OEclei
427 2431 530 2470 filius,
554 2436 648 2461 vates
675 2432 733 2462 ille
759 2431 801 2462 de
818 2442 882 2472 quo

185 2481 241 2513 hic
271 2482 395 2522 agitur,
422 2482 517 2512 vivus
554 2482 595 2511 ad
627 2481 760 2520 Manes,
789 2481 884 2512 hiatu

187 2535 288 2563 terrae
305 2532 497 2572 absorptus,
513 2530 702 2561 descendit.

229 2584 291 2612 407
313 2582 420 2622 Ultus]
438 2581 646 2612 praeviderat
662 2581 886 2622 Amphiaraus

190 2641 226 2663 se
241 2641 261 2663 a
276 2631 364 2663 bello
380 2633 539 2663 Thebano
567 2642 632 2663 non
659 2641 885 2670 reversurum3

190 2681 405 2723 quamobrem
416 2683 515 2713 nullis
524 2682 682 2722 precibus
691 2691 711 2713 a
723 2682 885 2722 Polynice

190 2732 314 2764 adduci
337 2737 484 2773 poterat,
508 2737 545 2763 ut
573 2732 614 2762 ad
632 2732 713 2764 illud
737 2732 886 2774 proficis-

276 2785 390 2826 Delph.
405 2789 435 2817 et
458 2785 531 2816 Ver.
549 2785 633 2817 Clas.

869 2785 961 2816 Ovid.

932 1442 1082 1469 ceretur.
1128 1437 1290 1479 Eriphyle
1306 1447 1388 1470 vero
1412 1436 1454 1469 ab
1482 1435 1633 1470 Adrasto

932 1497 1037 1520 aureo
1049 1488 1165 1520 monili
1176 1493 1338 1529 corrupta
1347 1488 1436 1530 quod
1448 1487 1635 1520 Hermione

932 1548 952 1569 a
967 1539 1104 1570 Venere
1120 1543 1316 1580 acceperat,
1331 1539 1490 1570 maritum
1505 1543 1541 1570 et
1558 1548 1635 1579 pro·

933 1587 1032 1626 didit,
1048 1592 1084 1619 et
1099 1587 1141 1619 ad
1158 1588 1284 1620 bellum
1306 1588 1489 1629 compulit:
1514 1597 1580 1629 qua
1597 1597 1634 1619 re

934 1637 977 1668 ab
1006 1637 1214 1678 Amphiarao
1244 1639 1421 1670 intellecta
1447 1637 1636 1670 Alcmaeoni

933 1687 1002 1718 filio
1027 1688 1201 1719 mandavit
1227 1693 1266 1720 ut
1290 1699 1359 1720 suae
1384 1690 1503 1720 mortis
1520 1694 1636 1720 aucto-

933 1746 1003 1768 rem
1028 1738 1214 1778 Eriphylen
1228 1739 1414 1770 occideret.
1458 1738 1556 1769 Patri
1580 1738 1637 1769 ob-

934 1796 1075 1828 sequens
1088 1787 1260 1818 Alcmaeon
1277 1788 1310 1818 in
1326 1792 1470 1818 matrem
1485 1786 1636 1819 crudelis

934 1836 1046 1868 factus
1060 1842 1130 1875 est;
1152 1847 1229 1868 nam
1255 1838 1347 1868 illam
1363 1837 1500 1878 quidem
1525 1842 1636 1869 sustu·

934 1887 987 1918 lit.
1035 1887 1149 1928 Atque
1164 1898 1204 1918 ea
1220 1897 1273 1918 res
1290 1897 1378 1918 nunc
1396 1887 1520 1927 agitur.

978 1940 1041 1968 410
1067 1937 1284 1977 Eumenidum]
1311 1937 1500 1974 Furiarum,
1516 1936 1636 1977 quibus

937 1991 1081 2017 vexatus
1098 1986 1161 2017 fuit
1179 1986 1351 2018 Alcmaeon
1367 1986 1550 2027 parricida.

979 2039 1015 2066 -n
1026 2039 1040 2066 l
1060 2036 1181 2076 Donec]
1206 2036 1315 2066 Furiis
1330 2037 1477 2076 agitatus
1493 2036 1638 2068 Alcmae-

936 2095 979 2116 ou
997 2085 1038 2116 ad
1057 2085 1230 2126 Phegeum
1258 2085 1409 2126 confugit
1430 2095 1450 2116 a
1465 2095 1532 2126 quo
1558 2095 1638 2126 pur-

936 2140 1093 2176 gar-etum
1110 2135 1281 2176 filiamque
1296 2135 1370 2175 ejus
1384 2133 1637 2175 Alphesiboeam

936 2185 1033 2217 duxit
1057 2195 1210 2223 uxorem,
1238 2186 1293 2217 cui
1321 2185 1444 2216 monile
1464 2185 1563 2216 matri
1580 2184 1638 2216 de-

937 2239 1086 2266 tractum
1113 2235 1251 2267 obtulit.
1296 2235 1381 2266 Cum
1408 2240 1521 2266 autem
1545 2235 1638 2276 apud

938 2285 1111 2326 Phegeum
1128 2284 1250 2315 furoris
1266 2285 1453 2316 remedium
1468 2294 1534 2315 non
1550 2284 1641 2316 inve-

937 2336 1056 2375 nisset,
1071 2336 1224 2366 consulto
1246 2335 1382 2366 oraculo
1408 2345 1443 2366 se
1469 2335 1511 2366 ad
1529 2334 1639 2366 Ache-

937 2385 1027 2415 loum
1043 2385 1207 2416 contulit:
1233 2385 1288 2415 ubi
1307 2385 1434 2425 pariter
1450 2385 1638 2417 Callirho‘e's

937 2433 1078 2465 Acheloi
1108 2433 1185 2465 filiae
1215 2443 1329 2465 amore
1367 2440 1502 2476 captus,
1533 2434 1638 2465 fatale

938 2493 1068 2521 aurum,
1085 2483 1127 2514 de
1144 2494 1210 2524 quo
1225 2484 1287 2515 hoc
1305 2485 1339 2515 in
1356 2485 1430 2515 loco
1455 2485 1578 2524 agitur,
1595 2483 1638 2513 ab

940 2542 980 2564 ea
997 2534 1160 2573 poscitur.
1199 2534 1434 2574 Ineptissimus
1450 2535 1547 2564 homo
1563 2542 1638 2563 sese

939 2583 1065 2614 monile
1088 2583 1244 2615 daturum
1268 2584 1459 2624 pollicetur,
1474 2588 1574 2622 atque
1598 2590 1639 2613 ea

941 2642 1043 2664 causa
1074 2634 1116 2664 ad
1148 2633 1397 2674 Alpliesiboeani
1430 2632 1639 2672 repetituru-

941 2683 1023 2714 illud
1052 2683 1248 2720 conteu‹lit;
1282 2691 1398 2714 verum
1416 2692 1433 2712 ει
1452 2681 1580 2721 Phegei
1601 2679 1640 2713 fl-

941 2732 995 2763 liis
1010 2738 1064 2765 est
1079 2732 1219 2764 occisus.

1486 2786 1506 2815 ⁴
1527 2783 1550 2814 S
