1831 3023
554 235 1026 267 METAMORPflosssoN
1064 236 1159 266 [AB.
1194 236 1306 267 xm.
1545 229 1660 271 1565

202 329 316 372 Esse
338 344 430 372 rear
448 331 625 372 nullum.
648 331 653 335 ”
688 328 794 379 Qui,
818 343 921 371 cum
941 331 1193 384 imploraret
1212 329 1379 371 Ulixen
1600 334 1657 375 65

201 397 390 439 Vulnere
410 398 555 439 tardus
574 397 693 450 equi,
713 396 946 451 fessusque
965 399 1173 439 senilibus
1194 398 1334 448 annis,

199 465 410 506 Proditus
430 477 455 505 a
475 464 597 504 socio
617 467 700 503 est.
763 464 867 504 Non
888 466 982 506 haec
1003 465 1107 506 mihi
1127 466 1307 507 crimina
1323 465 1428 519 fingi

200 531 296 572 Scit
315 532 420 571 bene
441 530 662 584 Tydides:
694 531 769 583 qui
791 533 961 573 nomine
980 546 1100 586 saepe
1124 537 1332 574 vocatum

200 598 447 651 Corripuit3
481 596 738 650 trepidoque
757 598 904 650 sugam
925 600 1210 652 exprobravit
1230 600 1388 641 amico.

197 663 433 718 Aspiciunt
453 664 591 704 oculis
613 663 770 717 Superi
789 665 993 705 mortalia
1015 665 1166 717 justis.
1601 667 1656 707 70

198 731 264 772 En
284 736 380 784 eget
400 731 580 780 auxilio,
603 731 680 784 qui
699 744 787 772 non
807 732 907 772 tulit
925 745 934 772 :
965 736 1100 785 utque
1122 732 1308 785 reliquit,

196 798 271 839 Sic
294 798 555 851 linquendus
577 803 681 840 erat.
743 800 906 852 Legem
928 799 1012 839 sibi
1037 799 1210 841 dixerat
1227 800 1340 853 ipse.

197 865 460 907 Conclamat
480 866 644 907 socios.
709 865 902 918 Adsum;
935 866 1152 919 videoque
1176 870 1444 918 trementem,

195 931 522 986 Pallentemque
542 937 676 982 metu,
698 946 751 974 ac
773 933 1067 987 trepidantem
1088 937 1222 974 morte
1241 933 1398 976 futura.

195 999 398 1054 Opposui
418 1000 575 1041 molem
596 1001 737 1054 clypei
755 1014 766 1049 ς
798 1002 977 1054 texique
992 1002 1214 1054 jacentem
1232 1014 1242 1052 ;
1598 1005 1655 1045 75

195 1066 465 1120 Servavique
486 1068 672 1107 animam
701 1067 948 1121 (minimum
970 1073 1037 1108 est
1058 1067 1141 1108 hoc
1161 1066 1327 1121 laudis)
1355 1069 1547 1111 inertem:

194 1134 243 1176 Si
263 1139 431 1187 perstas
451 1138 629 1183 certare,
651 1134 797 1174 locum
822 1133 1056 1175 redeamus
1077 1135 1120 1174 in
1141 1135 1263 1176 illum
1284 1149 1293 1177 :

194 1200 352 1242 Redde
371 1201 556 1250 hostem,
580 1201 823 1255 vulnusque
844 1206 980 1251 tuum,
1004 1202 1276 1256 solitumque
1297 1204 1493 1245 timorem
1513 1219 1521 1245 :

193 1266 304 1308 Post
323 1268 614 1321 clypeumque
636 1268 749 1309 late:
782 1273 825 1310 et
847 1282 1019 1309 mecum
1042 1269 1255 1310 contende
1277 1272 1360 1311 sub
1381 1262 1474 1312 illo.

193 1332 253 1375 At
274 1340 508 1388 postquam
531 1335 672 1388 eripui
692 1349 702 1386 ;
735 1336 807 1376 cui
831 1335 975 1376 standi
995 1336 1172 1376 vulnera
1201 1336 1314 1376 vires
1595 1337 1651 1379 80

189 1456 389 1495 praestiterit,
415 1459 450 1486 ut
476 1458 599 1487 credam
623 1457 738 1488 nultum
763 1466 827 1487 esse
845 1455 1013 1496 flagitium
1037 1455 1212 1486 destituisse
1240 1454 1416 1485 Nestorem.
1464 1455 1528 1491 Qui
1551 1457 1653 1487 lentus

191 1500 314 1529 vulnere
328 1499 409 1538 equi,
436 1502 466 1529 et
491 1499 644 1536 consectus
669 1502 765 1530 aetate
788 1502 946 1539 provectu,
963 1507 1032 1528 cum
1047 1507 1134 1537 opem
1159 1499 1277 1537 peteret
1292 1497 1329 1526 ab
1349 1497 1469 1538 UIysse,
1483 1498 1653 1529 destitutus

188 1544 234 1571 est
247 1551 265 1571 u
280 1541 401 1571 comite.
449 1542 585 1582 Tydides
600 1544 685 1572 novit
701 1545 784 1572 certo
798 1542 863 1571 haec
878 1541 993 1580 probra
1009 1551 1027 1570 α
1043 1550 1089 1571 me
1114 1549 1173 1570 non
1199 1540 1372 1578 excogitari
1386 1551 1397 1576 ,·
1419 1540 1473 1580 qui
1485 1542 1652 1580 prehendit

187 1592 268 1623 καῖρε
281 1583 411 1614 citatum
427 1585 546 1615 nomine
563 1594 634 1622 suo,
658 1587 750 1624 atque
765 1584 907 1622 coar-gnie
922 1583 1037 1622 fugam
1065 1583 1169 1613 timidi
1190 1582 1294 1612 amici.
1342 1582 1404 1612 Dii
1420 1583 1524 1613 vident
1539 1587 1651 1614 terres-

187 1627 251 1656 tria
266 1626 363 1656 oculis
379 1627 489 1664 justis.
537 1627 616 1657 Ecce
639 1627 691 1667 qui
714 1637 774 1657 non
790 1636 876 1666 opem
892 1626 964 1656 tulit
982 1635 1058 1664 opus
1072 1626 1163 1655 hahet
1189 1625 1330 1654 uuxitio:
1354 1628 1443 1665 atque
1456 1629 1490 1655 ut
1505 1626 1650 1657 destituit

187 1669 232 1698 itu
248 1672 313 1698 erat
329 1669 550 1699 destituendus.
598 1669 666 1709 lpse
687 1669 748 1699 sibi
774 1671 915 1708 posuerat
942 1669 1051 1704 Iegem.
1104 1667 1199 1697 Vocat
1225 1667 1359 1698 comites.
1403 1668 1534 1705 Λεεεάο,
1557 1672 1587 1699 et
1603 1669 1650 1699 in·

188 1711 276 1741 venio
289 1711 447 1750 putidum,
464 1715 493 1741 et
509 1721 696 1749 exsanguem
713 1712 835 1745 timore,
851 1714 942 1750 atque
958 1713 1140 1740 trementem
1157 1709 1290 1739 instanti
1305 1712 1412 1740 morte.
1460 1710 1567 1748 Otgjeci
1581 1721 1650 1742 vus-

188 1756 255 1783 tum
281 1754 432 1793 clypeum,
458 1757 487 1783 et
515 1753 640 1791 defendi
666 1757 880 1794 prostratum:
905 1756 996 1792 utque
1021 1754 1142 1781 servavi
1168 1752 1302 1782 animum
1326 1751 1399 1790 (hic
1423 1752 1582 1783 minimum
1603 1757 1649 1783 est

185 1794 499 1833 gloriae)socor‹1em.
545 1796 581 1826 Si
604 1797 712 1835 pergis
735 1796 928 1832 contendere,
956 1798 1149 1824 revertamur
1173 1794 1203 1823 in
1220 1794 1306 1824 illum
1322 1794 1438 1824 locum.-
1459 1804 1536 1834 pone
1552 1796 1648 1826 denuo

187 1838 318 1875 hostem,
333 1841 425 1877 utque
440 1838 563 1877 plangum
580 1842 676 1876 tuum,
689 1841 719 1869 et
736 1842 848 1868 metum
864 1841 1040 1867 consuetum
1052 1847 1062 1867 .·
1083 1839 1175 1876 utque
1191 1837 1283 1866 latita
1299 1846 1377 1876 pone
1387 1840 1509 1867 scutum
1525 1846 1649 1877 meum,

187 1884 215 1910 et
232 1883 315 1911 certa
329 1889 445 1911 mecum
460 1880 516 1911 sub
532 1881 595 1911 illo.
642 1881 687 1912 At
701 1884 863 1921 postquam
879 1879 1002 1910 retrusi
1010 1890 1023 1916 ,·
1046 1879 1095 1909 cui
1112 1881 1238 1910 vulnera
1255 1889 1312 1909 non
1329 1879 1648 1916 concesseruntsucul-

797 1973 1035 1985 eeeeeeeeeeee

185 2042 270 2071 -68
294 2039 458 2077 Strozza’,
486 2046 520 2071 et
548 2040 641 2071 Mod.
666 2051 740 2081 περ.
768 2044 916 2075 vocatus,-
941 2049 1024 2070 unus
1051 2040 1129 2070 Bas.
1154 2044 1188 2070 et
1214 2040 1302 2070 Mor.
1331 2043 1567 2071 notatum—72
1591 2041 1646 2072 Fr.

187 2083 282 2122 Eget,
297 2083 446 2113 auritium
462 2083 514 2122 qui
538 2093 597 2113 uon
613 2083 706 2113 tulit:
730 2083 796 2114 ‹luo
816 2083 870 2113 alii
893 2084 933 2112 Et
950 2086 1041 2121 neget
1057 2082 1220 2113 auxitium.
1267 2083 1423 2114 Menan-d.
1445 2083 1505 2114 sib.
1521 2082 1647 2120 fecerat

184 2125 242 2164 ips.
287 2123 419 2156 Arund.
436 2133 471 2155 et
490 2131 622 2165 septem
642 2126 696 2155 alii
715 2127 862 2156 duxerat.
908 2125 996 2155 Dein
1015 2125 1182 2161 Berua-ag.
1199 2134 1247 2164 pr.
1263 2125 1390 2155 Erfurt.
1405 2130 1438 2155 et
1455 2125 1573 2156 decem
1590 2125 1647 2157 alii

183 2167 299 2202 istam,-
321 2166 388 2197 duo
404 2168 523 2207 ipsum:
550 2167 666 2197 Heius.
690 2168 777 2206 conj.
802 2168 875 2207 ipsi,
898 2168 971 2198 scil.
996 2167 1059 2197 sibi
1086 2167 1246 2207 ipsi.—7.··›
1280 2168 1378 2206 Tres,
1401 2167 1526 2207 texique
1550 2168 1647 2198 laten·

184 2212 259 2246 tem,
283 2209 371 2249 quod
389 2219 453 2239 non
472 2210 641 2249 improbat
660 2210 776 2240 Burni.
802 2211 881 2250 quia
895 2220 973 2240 mox
992 2210 1133 2249 repetit,
1156 2210 1164 2225 ‘
1182 2214 1258 2248 post
1274 2210 1498 2250 clypeumque
1513 2209 1646 2240 late.’—

184 2253 226 2281 76
251 2250 316 2281 Hic
334 2261 394 2291 pro
410 2252 465 2282 hoc
490 2252 643 2292 plerique
669 2259 754 2282 velt.
781 2252 898 2282 Heius,
915 2253 993 2282 oliui
1014 2252 1148 2288 legebat
1166 2251 1302 2282 minimae
1314 2255 1358 2282 est
1375 2251 1430 2282 hoc
1446 2252 1644 2283 laudis—77

185 2292 224 2324 In
241 2302 282 2323 ex
300 2294 514 2331 mclioribus;
540 2295 627 2334 vulg.
644 2295 782 2325 ‹tm—'78
801 2294 920 2325 Heius.
939 2293 1033 2325 dedit
1050 2294 1165 2325 hostem
1183 2304 1243 2334 pro
1261 2294 1351 2334 vulg.
1368 2294 1480 2325 hostes.
1517 2294 1644 2336 Schep-

845 2397 982 2429 NOTA:

184 2479 302 2505 ueruto
319 2473 426 2504 altero
438 2473 562 2512 jugali,
579 2472 660 2509 fuga
675 2472 738 2502 sihi
753 2473 885 2503 consul·
941 2473 1074 2510 damno,
1092 2473 1246 2513 potiaris,
1263 2474 1393 2513 supple.

185 2533 243 2556 ere
257 2533 323 2554 non
341 2528 468 2564 posset.
500 2522 601 2555 Quod
619 2522 658 2554 ll.
677 2528 885 2554 vm.narrat
983 2527 1024 2554 78
1053 2524 1182 2564 Vulnus]
1217 2524 1319 2557 Quod
1344 2535 1361 2555 a
1388 2526 1474 2555 Soco
1503 2523 1641 2563 Ulysses

184 2573 363 2613 Homerus,
377 2584 419 2605 ex
434 2584 501 2615 quo
517 2573 670 2604 desumta
687 2573 759 2604 hare
778 2582 884 2614 prope
940 2579 1136 2614 acceperat,
1147 2575 1337 2615 priusquam
1349 2574 1442 2604 illum
1454 2572 1643 2605 interfecis-

184 2625 306 2655 omnin.
939 2629 1002 2662 set,
1019 2630 1055 2655 ut
1079 2624 1185 2655 refert
1205 2625 1383 2655 Homerus.

226 2677 268 2705 os
294 2674 439 2716 Tydides]
476 2665 661 2706 nio'medes
684 2678 750 2713 est,
775 2674 882 2715 Tydei
981 2678 1022 2706 w
1048 2675 1210 2715 t'lypmm]
1234 2676 1310 2706 uuo
1327 2674 1416 2714 Ajax
1429 2674 1638 2706 vulneratum

185 2724 281 2755 tilius.
937 2724 1095 2766 Ulyssem
1113 2723 1274 2764 protexit.

227 2775 266 2804 77
287 2772 433 2814 Certen]
452 2773 498 2805 Ut
521 2773 665 2806 Achillis
682 2773 793 2814 annis,
809 2783 882 2806 meo
