1831 3023
313 237 355 268 P.
377 237 535 269 ovmn
565 232 777 266 NASONIS
810 232 1138 264 MBTAMORPH.
1168 235 1265 266 LIB.
1289 236 1377 267 vu.

1463 225 1577 268 1215

125 329 322 372 Phineus
341 332 464 372 visus
484 332 600 377 erat;
625 326 897 379 juvenesque
916 322 1135 377 Aquilone
1154 327 1293 366 creati

124 396 358 450 virgineas
375 396 572 437 volucres
592 393 736 432 miseri
758 392 876 431 senis
896 404 970 432 ore
993 391 1220 444 fugarant3

125 463 351 517 Multaque
371 462 564 515 perpessi
585 460 705 499 claro
725 459 806 499 sub
831 457 1006 507 Iasone,
1028 457 1203 499 tandem
1544 459 1572 498 5

125 530 408 582 Contigerant
431 527 611 580 rapidas
631 526 778 566 limosi
800 525 1022 566 Phasidos
1043 525 1199 565 undas.

124 597 330 649 Dumque
350 595 508 635 adeunt
525 606 684 646 regem,
706 593 995 647 Phryxeaque
1016 592 1175 632 vellera
1195 596 1417 645 poscunt3

124 663 303 717 Lexque
322 663 444 702 datur
464 661 650 701 numeris
675 672 926 712 magnorum
946 658 1158 700 horrenda
1176 659 1404 710 laborum3

121 796 248 818 vacuam
260 791 411 818 senectam
426 788 458 817 in
478 785 616 818 cecitate
631 786 797 823 mutinum,-
820 791 850 818 et
867 788 999 827 juvenes
1015 788 1119 819 Borea
1144 787 1208 818 sati
1234 786 1405 826 abegerant
1429 795 1500 817 aces
1513 786 1578 817 nir·

119 829 229 868 gis-eas
242 829 282 860 ab
295 840 346 860 ore
369 829 503 868 infelicis
525 829 629 866 senis,-
651 833 681 860 et
704 830 842 870 perpessi
866 830 1003 870 plurima
1029 830 1084 861 sub
1098 831 1215 862 illustri
1239 830 1367 867 Jasone,
1393 828 1577 870 appulerant

121 871 249 911 denique
260 872 426 914 adfluctus
439 872 625 913 impetuosos
639 873 785 903 lutulenti
804 874 928 905 Phasis.
974 874 1018 904 Et
1033 874 1106 904 dum
1121 873 1260 904 invisunt
1275 881 1393 912 regem,
1414 875 1506 911 aeque
1519 879 1572 911 pe-

121 916 193 944 tune
204 914 314 954 penem
328 915 464 956 Phryxi,
490 919 518 946 et
544 915 679 946 conditio
707 917 867 946 tremenda
878 916 1065 957 proponitur·
1080 925 1204 947 numero
1219 916 1395 955 ingentium
1418 915 1554 945 laborum
1565 923 1577 950 ;

165 1052 186 1082 2
209 1050 286 1083 Duo
301 1051 395 1084 Med.
410 1053 630 1094 Perpetuamq.
646 1057 688 1084 tr.
704 1053 863 1093 inopi.-3
888 1053 983 1085 Unus
1000 1053 1097 1085 Leid.
1115 1053 1220 1092 jussus
1241 1056 1330 1090 eran
1353 1062 1438 1083 unus
1454 1051 1577 1082 Heius.

122 1102 237 1133 «κους,-
258 1094 323 1126 duo
339 1095 434 1127 Med.
450 1098 612 1128 υκαι-6
635 1096 686 1127 Fl.
709 1105 778 1137 rap.
794 1095 932 1128 timosae:
957 1097 1051 1137 prior
1078 1096 1231 1128 Gronov.
1255 1095 1355 1127 limosi
1375 1094 1575 1136 fluminis.—

783 1197 924 1230 NOTAE

124 1269 389 1311 phlagoniae,qui
402 1271 597 1312 Cleopatra,
608 1270 730 1302 Boreae
743 1269 823 1310 filia,

123 1320 159 1351 in
185 1329 322 1350 uxorem
349 1325 470 1359 sumta,
495 1320 578 1351 duos
606 1330 688 1361 quos
713 1329 756 1351 ex
783 1329 823 1350 ea

125 1375 322 1410 susceperat
332 1369 430 1408 filios,
440 1370 642 1409 Harpalices
653 1369 706 1399 vel
718 1368 820 1399 Idaeae

123 1418 374 1459 superinductae
384 1427 537 1450 novercae
549 1419 704 1456 consilio,
714 1417 820 1448 oculis

121 1468 289 1510 privavit:
315 1468 530 1509 quamobrem
554 1478 573 1498 a
600 1468 672 1498 Diis
687 1476 727 1498 eo
743 1477 820 1507 sup·

121 1517 224 1559 plicio
248 1515 402 1556 affectus,
428 1524 464 1548 ut
493 1526 601 1548 caecus
630 1517 702 1557 ipse
733 1515 821 1547 Har-

122 1568 219 1609 pyias
235 1568 385 1599 assiduas
402 1567 542 1599 liaberet
565 1567 703 1598 sceleris
720 1567 823 1598 vindi-

120 1628 191 1658 ces,
208 1628 284 1660 quae
308 1628 457 1649 mensam
477 1617 770 1659 depraedarcntui·‚
785 1622 821 1649 et

121 1669 320 1710 turpissime
358 1669 537 1701 foedarent.
603 1668 820 1709 Argonautas

121 1728 203 1751 vero
234 1727 313 1750 cum
340 1718 486 1759 benigne
514 1719 719 1759 accepisset,
749 1728 821 1750 eos-

123 1768 266 1810 demque
283 1768 324 1799 de
343 1769 465 1800 itinere
481 1768 567 1799 bene
582 1768 821 1808 admonuisset,

122 1823 222 1851 tanto
258 1819 348 1850 malo
371 1818 426 1849 'ab
463 1818 528 1849 illis
557 1818 720 1850 liberatus
746 1823 819 1857 est;

123 1869 249 1912 quippe
263 1868 318 1910 qui
335 1867 495 1899 adversus
513 1868 682 1910 Harpyias
704 1868 823 1901 Calain

123 1923 161 1951 et
177 1918 307 1951 Zethen
330 1918 437 1949 alatos
454 1916 579 1950 fratres
599 1918 823 1957 immiserunt,

124 1979 144 2002 a
157 1969 276 2011 quibus
293 1978 397 2009 usque
414 1969 455 1999 ad
471 1969 678 2010 Strophadas
699 1969 823 2000 insulas

122 2017 325 2061 profligatae.
393 2019 626 2050 Diversissima
662 2028 742 2050 vero
779 2019 822 2050 de

123 2068 255 2101 Phineo
283 2068 496 2099 tradiderunt
527 2068 706 2100 historice:
747 2078 821 2109 quae

122 2118 297 2160 explicans
322 2118 540 2158 Palaephatus
568 2119 694 2158 Regem
716 2117 822 2148 fuisse

122 2169 314 2208 contendit,
330 2178 428 2210 quem
452 2177 578 2207 senem,
603 2167 675 2200 fato
696 2167 822 2199 functis

122 2218 282 2259 maribus,
297 2217 373 2250 ffliae
390 2218 593 2259 expilarent,
618 2218 719 2249 vicini
735 2227 822 2249 asse·

123 2269 266 2302 ruerint.
311 2268 367 2300 Ad
393 2278 446 2301 res
471 2269 641 2300 naturales
663 2269 720 2300 alii
736 2268 820 2300 refe-

124 2325 215 2357 mut,
230 2319 263 2351 in
279 2319 401 2361 quibus
416 2319 570 2350 omnibus
585 2319 690 2350 cuivis
706 2319 822 2360 quaeli·

122 2368 184 2402 bet
198 2369 279 2401 licet
301 2370 522 2409 comminisci,
538 2379 612 2411 quae
636 2370 732 2400 nobis
747 2379 821 2411 per-

123 2420 217 2462 sequi
233 2429 298 2451 non
314 2420 408 2452 licet.

167 2472 187 2502 a
208 2464 359 2510 sames]
382 2470 499 2502 Calain
525 2469 609 2501 dicit
625 2475 661 2501 et
677 2470 820 2510 zetheo,

125 2529 209 2563 quos
223 2521 335 2552 Borea
349 2525 440 2552 natos
454 2526 533 2551 ante
547 2520 702 2552 diximus.

167 2573 187 2602 4
216 2571 393 2612 Virginem]
429 2570 600 2610 Harpyias
625 2570 722 2609 dicit,
746 2580 820 2612 quae

127 2618 224 2651 vultu
244 2619 407 2661 virgineo,
432 2619 566 2650 auribus
592 2621 727 2660 ursinis,
750 2630 822 2652 eor-

128 2677 211 2709 pore
235 2670 418 2709 vulturino,
433 2670 583 2700 manilius
605 2671 713 2711 uncis,
736 2671 822 2702 vola-

125 2718 204 2750 tile·
217 2717 308 2750 ficti:
323 2718 426 2750 Ponti
441 2729 481 2750 ac
495 2720 605 2751 Ten-m
621 2719 709 2753 filiae.

171 2772 191 2800 ⁵
216 2768 339 2809 Iunone]
365 2769 432 2803 Qui
460 2768 728 2810 Argonautarum
754 2770 825 2803 dux

877 1270 952 1310 suit,
967 1270 1097 1302 AEsonis
1122 1270 1233 1310 filius;
1261 1280 1374 1311 quem,
1389 1274 1428 1301 ut
1443 1270 1484 1301 ab
1507 1270 1579 1310 ejus

876 1325 974 1360 patre
991 1320 1055 1350 sibi
1068 1320 1264 1350 concredito
1276 1319 1461 1350 Thessaliae
1475 1328 1579 1360 regno

876 1369 1058 1409 potiretur,
1086 1368 1228 1408 patruus
1254 1367 1368 1400 Pelias
1384 1368 1426 1399 ad
1443 1368 1581 1409 expedi-

876 1417 1001 1448 tionem
1019 1416 1227 1456 Colchicam,
1239 1417 1301 1448 sub
1315 1417 1430 1458 gloriae
1445 1427 1580 1458 compa-

875 1467 991 1498 randae
1004 1467 1286 1508 titulo‚tanquam
1299 1467 1340 1498 ad
1353 1467 1581 1499 certissimum

874 1516 992 1548 mortis
1009 1516 1200 1553 discrimen,
1225 1516 1336 1555 misit;
1359 1516 1450 1558 quod
1466 1520 1580 1548 tamen

875 1576 1003 1598 summa
1019 1576 1094 1597 cum
1111 1565 1212 1609 laude
1232 1564 1365 1607 effugit.

916 1619 937 1648 6
963 1615 1129 1656 Phasidos]
1153 1616 1221 1649 Qui
1249 1616 1369 1648 Phasis
1384 1615 1505 1648 fluvius
1531 1622 1581 1647 est

875 1667 1057 1699 Colchidis.

917 1721 936 1749 ⁷
962 1717 1096 1758 Regem]
1120 1718 1256 1757 AEeten,
1269 1717 1408 1749 Medeae
1425 1722 1570 1758 patrem.

919 1766 1143 1808 Phryxeaque]
1178 1767 1310 1798 Pellem
1336 1767 1423 1798 dicit
1453 1767 1583 1806 arietis,

877 1827 943 1859 quo
955 1817 1114 1858 Phryxus
1127 1817 1160 1847 in
1173 1817 1317 1848 Colchos
1330 1821 1462 1848 vectus:
1479 1825 1581 1857 quem

877 1867 1013 1909 quidem
1052 1869 1190 1898 arietem
1226 1867 1448 1908 paedagogum
1477 1867 1582 1899 fuisse

875 1919 1010 1950 nomine
1036 1919 1158 1955 crium,
1181 1917 1301 1949 Latine
1319 1916 1486 1957 Arietem,
1499 1926 1582 1949 nou-

877 1970 972 2009 nulli,
985 1969 1042 2000 alii
1058 1979 1177 2000 navem
1203 1969 1319 2000 volunt
1345 1967 1461 2007 fuisse,
1487 1968 1582 2008 cujus

878 2019 912 2050 in
942 2028 1042 2060 prora
1076 2019 1204 2059 insigne
1239 2018 1350 2049 Aries.
1405 2017 1581 2058 Phryxum

877 2068 966 2108 quod
990 2068 1127 2107 attinet,
1140 2067 1353 2098 Athamantis
1370 2066 1435 2098 fuit
1459 2072 1492 2098 et
1511 2065 1582 2098 Ne·

878 2117 992 2157 pheles
1010 2116 1110 2155 filius,
1123 2117 1191 2155 cui,
1208 2126 1268 2157 per
1283 2117 1404 2147 multas
1421 2116 1580 2157 ambages

877 2176 955 2198 cum
972 2167 1033 2198 Ino
1048 2167 1293 2207 superinducta
1321 2177 1480 2206 noverca,
1507 2167 1582 2198 insi-

877 2216 950 2248 dias
979 2222 1139 2256 strueret,
1167 2222 1276 2248 mater
1298 2218 1439 2248 arietem
1454 2217 1581 2249 vellere

877 2276 980 2299 aureo
997 2267 1159 2308 Neptuno
1176 2272 1212 2298 et
1225 2267 1428 2308 Theophane
1452 2272 1581 2307 natum,

875 2322 913 2348 ut
930 2317 1095 2348 nonnullis
1112 2317 1241 2357 placet,
1258 2317 1414 2354 tradidit,
1431 2327 1496 2358 quo
1520 2327 1583 2358 per

877 2368 957 2399 aera
980 2377 1046 2399 una
1063 2377 1140 2398 cum
1163 2376 1278 2398 sorore
1304 2367 1406 2398 Helle
1428 2372 1582 2408 asporta-

876 2424 1003 2450 rentur.
1048 2417 1162 2459 Atque
1179 2417 1235 2448 ille
1251 2417 1388 2458 quidem
1406 2417 1582 2449 incolumis

877 2469 910 2500 iu
927 2468 1120 2500 Coleliicatn
1138 2473 1264 2498 terrani
1283 2468 1452 2507 pervenit,
1466 2475 1579 2498 sorore

877 2526 989 2551 tamen
1007 2519 1140 2556 amissa,
1156 2528 1231 2558 quae
1256 2518 1398 2557 periculi
1415 2516 1579 2556 magnitu-

877 2571 955 2601 dine
972 2570 1140 2601 exterrita
1163 2570 1196 2600 iu
1221 2578 1311 2599 mare
1333 2568 1474 2606 decidit,
1490 2566 1579 2607 qnod

877 2621 920 2652 ab
936 2630 975 2651 ea
993 2620 1236 2660 Hellespontus
1253 2619 1392 2649 dictum.

920 2676 940 2703 8
966 2671 1278 2710 Numer-umorum]
1302 2668 1468 2700 Plurimos
1482 2674 1581 2707 supe»

879 2723 1002 2755 randos
1014 2732 1086 2755 esse
1102 2722 1248 2757 labores,
1264 2719 1456 2758 priusquam
1470 2716 1578 2748 vellus

878 2782 1017 2806 aureum
1032 2772 1217 2812 deriperet,
1232 2768 1329 2800 AEeta
1347 2766 1480 2808 Jasoni,
1496 2765 1578 2798 illud
