1831 3023
200 230 314 272 1132
685 243 729 273 P.
761 242 920 273 ovrnn
953 241 1168 272 NAsoms

201 335 289 376 Sed
308 348 388 376 nec
411 349 496 390 ope
516 348 747 385 armorum,
769 347 864 383 nec,
886 347 1016 388 quam
1037 333 1152 375 male
1174 335 1362 387 ceperat,
1387 345 1486 374 arce
1565 332 1651 375 240

201 403 348 445 Torva
370 404 615 445 colubriferi
635 404 857 457 superavit
881 403 1045 443 lumina
1063 402 1259 444 monstri.

490 663 607 705 FAB.
639 663 731 705 ΙΙΙ.
782 663 1049 716 Polydectes
1068 663 1114 702 in
1135 662 1368 715 Lapidem.

205 773 443 804 PoLvDEcTEs
460 781 519 802 rex
535 771 652 802 insulae
663 771 811 811 Seriphi,
825 771 868 801 ad
880 780 977 812 quam
995 770 1143 801 Perseus
1157 780 1232 801 cum
1245 770 1367 802 Danae
1384 774 1493 802 matre
1509 769 1658 802 inclusus

248 834 327 856 arca
344 828 557 864 pervenerat,
575 824 715 864 cupiens
730 823 889 863 ablegare
905 823 1081 862 arbitrum,
1098 828 1135 854 ut
1151 828 1260 854 matre
1286 824 1373 854 illius
1398 823 1505 854 libere
1529 822 1660 863 potire—

248 883 317 917 tur,
334 877 376 909 ad
393 877 560 918 Gorgonis
577 877 731 908 Medusae
748 877 971 908 resecandum
986 882 1090 918 caput
1107 887 1182 908 eum
1200 877 1304 917 misit,
1320 877 1409 918 quod
1427 876 1483 907 ille
1502 875 1661 906 Minerva

248 932 385 962 volente
400 931 443 962 ad
460 930 674 971 Polydecten
691 931 848 971 pertulit,
871 930 1104 972 inficiantique
1126 930 1277 962 laborem
1305 930 1418 971 operis
1443 928 1606 969 ostendit,
1621 936 1660 959 ac

249 984 340 1024 prius
354 984 411 1014 ille
427 993 466 1014 eo
480 983 630 1024 diriguit,
647 993 746 1024 quam
763 993 798 1014 se
815 983 1050 1015 ulcisceretur.

205 1070 292 1126 TE
312 1090 471 1135 tamen,
492 1099 519 1126 o
537 1099 687 1139 parvae
708 1090 860 1135 rector,
885 1086 1142 1140 Polydecta,
1166 1086 1357 1139 Seriphi,

208 1152 307 1193 Nec
322 1153 498 1206 juvenis
518 1153 667 1201 virtus,
686 1165 765 1205 per
784 1156 849 1192 tot
868 1157 1071 1205 spectata
1089 1153 1278 1201 labores,

210 1219 306 1260 Nec
325 1220 442 1260 mala
457 1219 725 1259 mollierant:
758 1218 837 1258 sed
858 1218 1134 1258 inexorabile
1156 1218 1287 1258 durus

210 1286 405 1327 Exerces
426 1286 573 1327 odium
591 1299 600 1326 ε
631 1298 710 1326 nec
732 1285 885 1338 iniqua
905 1285 1006 1325 finis
1027 1285 1072 1325 in
1092 1285 1156 1325 ira
1171 1288 1252 1325 est.
1580 1283 1665 1324 245

212 1354 439 1395 Detrectas
461 1353 591 1394 etiam
611 1353 789 1393 laudes:
821 1351 1059 1405 fictamque
1082 1352 1286 1392 Medusae

215 1421 376 1473 Arguis
396 1434 493 1461 esse
509 1432 679 1461 necem.
740 1420 957 1460 Dabimus
978 1420 1057 1460 tibi
1077 1420 1265 1472 pignora
1285 1418 1399 1470 veri3

213 1487 392 1528 Parcite
411 1488 665 1536 luminibus,
686 1487 873 1528 Perseus
894 1488 976 1528 ait:
1007 1500 1169 1540 oraque
1187 1487 1301 1539 regis

216 1554 303 1595 Ore
324 1554 558 1596 Medusaeo
581 1554 749 1595 silicem
768 1555 863 1595 sine
884 1555 1090 1607 sanguine
1109 1553 1227 1594 fecit.

213 1695 299 1716 arces
313 1684 531 1716 Acrisionaeas.
577 1684 640 1715 Sed
664 1694 758 1725 neque
781 1684 900 1715 auxilio
923 1694 1090 1724 armorum,
1111 1693 1206 1724 neque
1225 1693 1306 1724 arce,
1329 1694 1419 1724 quam
1435 1683 1538 1724 inique
1552 1683 1670 1715 insede-

217 1731 278 1766 rat,
290 1727 366 1758 vicit
383 1728 482 1758 oculos
496 1727 624 1764 infestos
638 1728 767 1757 monstri
779 1726 965 1764 colubriferi.

257 1778 313 1800 111.
337 1771 485 1800 Attamen
501 1779 594 1809 neque
608 1770 708 1799 virtus
713 1769 838 1807 juvenis
851 1769 978 1808 probata
994 1779 1049 1809 per
1063 1772 1111 1799 tot
1125 1769 1251 1807 laborer,
1273 1777 1366 1808 neque
1380 1769 1462 1798 mala
1483 1767 1669 1799 definierant

214 1816 255 1850 te,
272 1822 288 1841 ο
302 1812 477 1851 Polydecte,
489 1822 545 1842 rex
560 1811 684 1850 exigua²
700 1812 818 1842 insulae
832 1811 958 1851 Seriphi
968 1821 980 1847 ‚·
1002 1813 1053 1842 sed
1074 1811 1206 1841 crudelis
1218 1820 1340 1842 exerces
1356 1810 1458 1841 odium
1477 1809 1647 1848 infractum
1659 1820 1671 1846 ‚·

213 1864 308 1894 neque
326 1854 408 1895 finis
423 1855 516 1884 (latur
536 1854 659 1894 injustae
684 1854 753 1884 iroe.
797 1853 919 1884 Minuis
933 1854 1026 1884 etiam
1043 1854 1145 1884 laudes
1156 1865 1169 1891 ;
1194 1857 1284 1893 atque
1298 1854 1460 1893 impugnas
1474 1853 1586 1884 caedem
1600 1853 1670 1884 Me-

215 1898 298 1927 dusae
327 1907 390 1928 esse
409 1896 539 1933 salsam.
586 1896 810 1928 Exhibebimus
845 1895 916 1936 tibi,
941 1896 1045 1936 inquit
1069 1897 1210 1934 Perseus,
1234 1896 1410 1927 testimonia
1430 1895 1516 1927 veri:
1539 1895 1671 1927 avertite

215 1940 334 1976 uculos‚·
351 1942 381 1971 et
392 1939 468 1980 feci!
484 1940 586 1970 vultus
600 1939 684 1979 regis
697 1949 808 1970 saxum
823 1939 889 1969 sine
900 1939 1051 1977 sanguine
1065 1940 1152 1970 vultu
1166 1940 1316 1969 Meciusae⁸

829 2033 884 2044 Νι

1042 2032 1061 2043 ff

216 2100 407 2130 adas—241
432 2098 552 2129 Heius.
571 2107 632 2138 pro
655 2107 797 2138 superae.
825 2098 897 2129 vult
921 2097 1154 2128 titania—242
1178 2096 1245 2128 Alii
1272 2096 1425 2127 scribunt
1451 2096 1673 2136 Polydecte.—

217 2144 279 2173 244
303 2142 398 2172 Tert.
416 2141 508 2171 Med.
525 2141 656 2172 Genev.
668 2145 704 2171 et
720 2140 871 2172 Berolin.
883 2140 969 2171 inex.
986 2140 1193 2171 dirus-246
1212 2140 1355 2170 Plurimi
1370 2138 1477 2171 Codd.
1490 2138 1672 2169 Detraclas.

877 2243 1016 2274 NOTAE

260 2324 320 2353 241
346 2320 500 2360 Monstri]
523 2321 678 2352 Medusae
700 2321 831 2362 capitis·
972 2321 1115 2362 quendae
1133 2322 1232 2352 titulo
1248 2322 1289 2352 ad
1303 2322 1526 2362 superandam
1543 2322 1674 2363 Gorgo-

261 2375 324 2404 242
347 2371 530 2412 Polydecta]
553 2372 630 2402 Fuit
644 2371 846 2411 Polydecles
860 2381 918 2401 rex
973 2372 1213 2412 neniimpulit;
1228 2373 1585 2414 aquo,coutumeliose
1596 2379 1676 2413 post

219 2422 368 2463 Seriphi,
400 2423 518 2453 insnlae
550 2431 592 2452 ex
623 2421 844 2462 Sporadfflus,
876 2422 918 2452 ad
974 2423 1225 2462 expeditionem
1269 2428 1426 2462 excepto,
1473 2422 1507 2452 iu
1554 2431 1672 2453 saxum

219 2483 318 2514 quem
350 2473 496 2503 Perseus
526 2481 592 2502 una
623 2481 698 2502 cum
728 2477 837 2502 matre
865 2481 921 2512 ap·
975 2478 1126 2503 mutatus
1144 2478 1206 2502 est.

221 2524 349 2564 pulsus,
377 2532 442 2563 qno
469 2527 620 2562 tempore
644 2522 685 2552 ab
709 2520 841 2552 Acrisio
866 2531 921 2552 ex·
1017 2526 1079 2554 248
1119 2523 1247 2553 Parcite
1272 2520 1449 2560 luminibus]
1483 2520 1532 2551 Ut
1561 2531 1676 2562 supra,

222 2573 332 2614 positi.
377 2572 541 2603 Hancine
555 2573 696 2610 amavit,
712 2578 921 2613 quapropter
975 2576 984 2590 ‘
1003 2574 1125 2603 Vultus
1139 2572 1286 2603 avertite
1304 2575 1444 2612 vestros,
1459 2570 1491 2601 Si
1508 2571 1582 2612 quis
1595 2571 1674 2603 ami-

222 2624 386 2654 Perseum
410 2622 583 2662 juvenem,
609 2623 704 2663 cujus
729 2623 832 2653 etiam
857 2623 920 2654 sibi
975 2633 1034 2654 cus
1050 2622 1170 2654 adest!

223 2675 328 2704 virtus
344 2677 661 2714 suspecta,aeternae
674 2672 791 2713 gloriae
805 2682 921 2705 conse-
