1831 3023
171 227 285 270 1534
657 239 699 270 Ρ.
732 237 889 268 ovmn
923 236 1134 267 NASoNJs

170 335 344 376 Primus
367 332 639 387 Ophionides
659 332 860 386 Amycus
879 331 1119 385 penetralia
1139 330 1264 371 donis
1541 328 1626 369 245

173 400 314 444 Haud
334 401 476 441 timuit
498 400 687 452 spoliare
709 400 830 449 suis3
863 402 909 437 et
928 398 1093 451 primus
1115 398 1171 438 ab
1192 396 1286 438 aede

175 468 478 520 Lampadibus
501 467 682 506 densum
702 465 847 517 rapuit
868 464 1013 505 funale
1036 464 1231 506 coruscis
1249 477 1258 504 ε

175 534 437 585 Elatumque
456 532 556 579 alte,
579 531 712 571 veluti
734 530 809 583 qui
831 530 1020 571 candida
1040 532 1153 573 tauri

174 600 394 652 Rumpere
417 596 620 637 sacrifica
642 598 818 638 molitur
839 598 956 638 colla
975 599 1132 648 securi,

175 666 308 707 Illisit
327 664 455 704 fronti
477 663 678 717 Lapithae
703 663 954 705 Celadontis
972 679 981 705 z
1012 669 1054 706 et
1075 678 1180 707 ossa
1546 659 1631 702 250

177 732 279 773 Non
300 730 572 783 agnoscendo
595 731 783 772 confusa
801 731 978 784 reliquit
998 732 1041 772 in
1059 744 1148 773 ore.

176 797 410 839 Exsiluere
428 798 543 839 oculi
563 812 573 849 3
606 799 891 852 disjectisque
910 799 1084 839 ossibus
1105 801 1191 840 oris

177 864 293 906 Acta
311 870 425 905 retro
447 866 582 915 naris,
603 865 842 916 medioque
862 863 1003 904 infixa
1023 865 1173 916 palato
1195 870 1277 905 est.

179 932 313 973 Hunc
335 923 451 984 pede
474 930 687 971 convulso
707 942 874 970 mensae
902 929 1094 971 Pellaeus
1115 942 1286 971 aoernae

179 998 343 1040 Stravit
362 999 479 1039 humi
499 998 693 1047 Belates,
714 997 902 1050 disjecto
924 997 968 1037 in
991 1000 1171 1050 pectora
1191 999 1337 1038 mento
1355 1009 1365 1037 ε
1552 997 1638 1038 255

179 1063 380 1118 Cumque
403 1072 495 1106 atro
517 1065 681 1106 mixtos
702 1068 953 1118 sputantem
974 1064 1182 1115 sanguine
1202 1063 1366 1114 dentes,

180 1131 372 1173 Vulnere
393 1131 630 1173 Tartareas
650 1131 869 1184 geminato
890 1130 1018 1171 mittit
1038 1130 1095 1170 ad
1116 1131 1304 1172 umbras.

183 1199 422 1240 Proximus
443 1204 494 1240 ut
515 1202 714 1248 steterat,
736 1201 943 1252 spectans
964 1198 1118 1239 altaria
1135 1198 1261 1239 vultu

184 1266 373 1308 Fumida
395 1267 588 1318 terribili,
612 1265 702 1308 Cur
723 1279 823 1316 uon,
848 1266 923 1317 ait,
944 1266 1104 1307 utimur
1121 1266 1253 1307 istis?

184 1417 243 1438 non
258 1408 375 1438 veritus
389 1412 433 1438 est
450 1409 557 1439 tollere
581 1419 707 1439 munera
722 1418 777 1438 sua
792 1418 832 1439 ex
844 1407 1055 1448 penetralibus
1066 1418 1077 1443 ,·
1101 1411 1193 1447 atque
1205 1406 1326 1447 primus
1340 1404 1465 1436 sustulit
1490 1414 1530 1435 ex
1543 1414 1645 1435 saera-

183 1450 231 1480 rio
260 1449 474 1480 candelabrum
502 1450 689 1481 instructum
719 1451 851 1481 lucernis
879 1450 1125 1489 splendentibus:
1161 1452 1192 1479 et
1220 1449 1308 1479 misit
1334 1448 1397 1479 alte
1426 1447 1579 1479 sublatum
1608 1448 1643 1477 in

176 1491 318 1530 frontem
349 1492 492 1532 Lapithce
524 1493 715 1530 Celadontis,
745 1493 840 1523 veluti
865 1492 918 1532 qui
944 1495 1072 1522 conatur
1089 1491 1241 1530 frangere
1265 1491 1411 1521 cervicem
1436 1489 1536 1520 albam
1559 1489 1644 1520 tauri

183 1534 324 1575 sacrifica
351 1534 496 1574 bipenni.-
533 1538 625 1574 atque
649 1535 775 1574 reliquit
801 1544 868 1565 ossa
892 1538 1037 1574 quassata
1061 1534 1094 1564 in
1108 1533 1196 1571 facie
1222 1543 1282 1563 non
1306 1533 1507 1572 agnoscenda.
1554 1531 1645 1562 Oculi

183 1579 255 1606 sunt
282 1577 377 1615 eruti,
398 1581 428 1607 et
456 1577 572 1607 ossibus
585 1578 649 1608 oris
662 1577 790 1617 sparsis,
805 1576 890 1607 naris
904 1579 988 1607 retro
1002 1586 1107 1617 pressa
1123 1579 1179 1613 est,
1192 1580 1284 1615 atque
1300 1575 1399 1616 infixa
1413 1575 1512 1606 medio
1524 1574 1643 1614 palato.

186 1619 315 1649 Belates
333 1619 476 1656 Pellaeus,
499 1621 574 1658 pede
590 1629 701 1650 nzensoe
716 1629 838 1649 acernae
863 1622 1015 1658 extracto,
1039 1619 1118 1649 hunc
1143 1617 1254 1655 deiecit
1277 1619 1310 1648 in
1329 1621 1456 1656 terram,
1476 1619 1576 1647 mento
1593 1626 1646 1647 ex-

186 1670 273 1692 cusso
289 1661 320 1691 in
333 1664 461 1701 pectus.-
492 1665 581 1699 utque
608 1661 675 1691 ictu
700 1662 832 1700 repetito
855 1661 989 1691 dimittit
1003 1661 1042 1690 ad
1058 1661 1171 1690 Manes
1184 1660 1312 1698 inferos,
1328 1663 1525 1699 exspuentem
1539 1659 1646 1689 dentes

187 1702 328 1739 confusos
361 1714 431 1734 cum
462 1703 552 1740 nigro
581 1703 742 1740 sang-uine.
792 1702 939 1742 Gryneus
966 1712 1034 1733 cnm
1062 1702 1223 1741 proximus
1253 1704 1344 1738 esset,
1381 1700 1534 1740 aspiciens
1560 1710 1648 1730 uram

180 1744 356 1782 fumantem
379 1745 474 1775 oculis
500 1745 668 1786 atrocibus,
698 1745 918 1783 Quamobrem,
947 1744 1060 1784 inquit,
1084 1754 1144 1774 non
1165 1744 1284 1775 utimur
1298 1742 1395 1775 istis?
1417 1746 1507 1783 atque
1521 1742 1646 1774 sustulit

800 1837 1035 1848 eeeeeeeeeeee

189 1893 257 1923 bell.
283 1893 405 1924 omissa
422 1894 713 1933 particula.·—249
737 1893 831 1924 Unus
858 1892 953 1923 Med.
982 1892 1093 1930 Rump.
1120 1890 1288 1929 sat-rifero:
1313 1899 1398 1925 unus
1414 1889 1532 1921 Heins.
1556 1888 1650 1921 terri-

183 1936 365 1977 fiat—251
393 1936 522 1976 Scripti
550 1946 672 1975 magno
695 1945 835 1966 numero
863 1945 920 1965 non
941 1935 1157 1974 cognoscendo,
1175 1933 1388 1974 improbante
1412 1932 1544 1972 Gierig.
1570 1941 1648 1963 nam

190 1988 351 2017 agnoscere
368 1983 433 2017 est,
446 1979 562 2009 videre
579 1980 725 2019 aliquem
743 1988 816 2009 esse
831 1978 986 2018 eundem,
1002 1986 1100 2018 quem
1118 1981 1218 2007 antea
1245 1976 1446 2006 videramus.
1489 1974 1646 2015 Saepissi-

194 2031 247 2051 me
267 2025 378 2051 tamen
396 2026 430 2051 et
448 2020 520 2051 fere
537 2031 670 2061 semper
687 2022 757 2052 haec
775 2021 840 2052 duo
866 2019 1018 2051 confusa.
1066 2019 1202 2049 Deinde
1217 2019 1252 2049 in
1268 2017 1397 2050 Erfurt.
1412 2017 1591 2056 confracta.-
1613 2017 1649 2048 in

193 2063 322 2094 dnobus
351 2064 487 2103 scriptis
511 2074 673 2094 concussu:
710 2063 826 2095 Heius.
852 2064 936 2103 conj.
960 2064 1208 2093 contum—252
1230 2061 1332 2101 Vulg.
1356 2060 1506 2091 Exiliere.
1549 2059 1649 2090 Tunc

194 2104 314 2136 Heius.
343 2107 481 2137 volebat
508 2101 705 2146 disiectique:
740 2106 885 2137 Botlnius
914 2111 1027 2136 autem
1054 2103 1260 2142 dissectisque,
1287 2103 1365 2143 qnia
1391 2112 1469 2132 mox
1494 2101 1649 2142 sequitur

193 2147 329 2184 disjecta.
341 2152 438 2179 —253
462 2150 562 2187 Yutg.
580 2150 656 2179 med.
672 2149 796 2189 estfixa
808 2149 931 2188 palato.-
953 2151 1086 2187 septem
1111 2151 1195 2176 vett.
1211 2145 1301 2186 infix.
1313 2145 1412 2185 palat.
1439 2147 1484 2175 est
1499 2153 1508 2172 .·
1542 2143 1648 2174 Gron.

194 2198 245 2228 pr.
262 2191 473 2231 affixa—255
499 2191 666 2220 scribitur
693 2192 795 2221 etiam
823 2191 965 2227 Βιιίαιρε,
992 2189 1130 2226 Pelates,
1146 2188 1275 2217 pilates.
1321 2186 1460 2217 Deinde
1477 2196 1519 2217 ex
1535 2186 1650 2217 melio-

196 2231 287 2261 ribus
322 2232 441 2262 Heius.
466 2232 560 2262 dedit
588 2233 714 2270 disjecto
741 2242 800 2271 pro
826 2233 914 2271 vulg.
949 2231 1088 2269 ‹teja-to,-
1122 2229 1210 2269 quod
1235 2232 1346 2260 tamen
1370 2228 1543 2259 revocavit
1569 2229 1650 2259 Mit-

197 2273 318 2304 sclierl.
349 2275 430 2304 Tres
458 2275 489 2304 in
515 2284 662 2314 corpore;
686 2274 741 2304 alii
765 2275 1003 2313 pectam—256
1037 2272 1223 2312 Sputuntem
1249 2272 1290 2303 de
1319 2281 1379 2301 suo
1404 2271 1502 2302 dedit
1530 2271 1651 2302 Heius.

194 2325 309 2347 omnes
344 2316 451 2347 codd.
485 2319 797 2356 spumantem—257
825 2315 998 2354 Melior-es,
1027 2320 1116 2346 teste
1154 2314 1272 2345 Heius,
1300 2314 1426 2352 mittin
1459 2313 1516 2345 alii
1553 2313 1651 2345 misit.

857 2411 995 2441 NOTAE

241 2487 303 2515 245
330 2484 533 2524 Ophionides]
558 2485 726 2524 Ophionis
744 2484 841 2516 filius.
996 2487 1058 2515 '250
1095 2482 1256 2524 Lapithoe]
1294 2483 1474 2514 Thessaliae
1511 2481 1652 2514 fuerunt

243 2533 437 2573 penetralia]
460 2534 648 2565 Sacrarium
668 2536 763 2571 dicit,
779 2545 836 2565 sen
856 2535 899 2565 lo·
955 2534 1071 2574 populi
1102 2534 1250 2565 Pindum
1281 2539 1317 2564 et
1348 2534 1481 2574 Othryn
1519 2537 1652 2564 montes

202 2594 277 2614 cum
303 2584 360 2614 ubi
387 2593 482 2614 sacra
516 2589 772 2625 reponerentur,
799 2585 898 2615 sueri·
954 2585 1145 2624 praesertiin
1176 2585 1374 2625 incolentes,
1403 2584 1547 2615 Pirithoi
1573 2584 1652 2615 olim

202 2633 278 2664 licia
293 2634 393 2664 etiam
412 2639 666 2673 peragerentur.
954 2635 1096 2673 imperio
1111 2639 1281 2674 parentes,

246 2685 307 2713 247
335 2682 467 2722 mele]
492 2683 713 2722 Lycnucluun
739 2690 798 2715 aut
824 2694 899 2715 can·
997 2688 1059 2716 254
1083 2685 1228 2725 Pelloeus]
1252 2685 1347 2716 Pella
1361 2685 1544 2717 Thessaliae
1559 2677 1654 2727 urbe,

203 2733 376 2764 delabrum
392 2733 558 2774 intelligo,
581 2733 623 2765 de
645 2734 798 2775 laqueari
812 2733 901 2766 forte
956 2739 993 2765 ut
1020 2745 1099 2765 vero
1124 2736 1231 2766 simile
1256 2740 1321 2775 est,
1344 2736 1524 2769 oriundus:
1548 2745 1650 2779 quan-

205 2782 422 2824 pendcntem.
955 2794 1054 2825 quam
1072 2785 1185 2826 plures
1202 2786 1308 2817 Pcllae
1324 2784 1472 2820 fuerunt.
