1831 3023
212 200 320 242 1378
698 212 739 242 P.
771 210 930 240 ovmu
963 209 1171 241 NASONIS

211 305 537 359 Cognatumque
557 305 671 346 latus
692 304 910 357 Phegeius
930 304 1121 345 hauserit
1136 304 1264 346 ensis.

209 373 320 414 Tum
341 372 516 414 demum
535 385 692 425 magno
712 375 830 425 petet
847 371 928 410 hos
947 369 1160 412 Acheloia
1178 372 1369 428 supplex

208 438 282 480 Ab
302 439 416 480 Jove
438 438 657 480 Callirhoe
676 438 793 477 natis
814 436 1057 477 infantibus
1075 451 1223 479 annos.

207 507 386 560 Jupiter
405 506 471 545 his
493 509 653 551 motus,
674 502 890 554 privignae
912 502 1028 544 dona
1045 516 1267 559 nurusque
1569 506 1654 547 415

210 572 460 625 Praecipiet,
476 570 693 621 facietque
714 569 831 609 viros
853 568 1109 622 impubibus
1131 572 1273 613 annis.

406 766 522 807 ΕΑΒ.
555 766 644 832 IX..
711 765 913 820 Byblidis
936 764 1163 820 Lacrymae
1186 769 1230 809 in
1255 769 1452 811 Fontem.

207 875 425 907 Mmmwex
441 873 548 904 insula
564 874 668 905 Creta
683 873 716 904 in
733 873 848 905 Asiam
865 874 1056 915 profectus,
1078 875 1123 906 ibi
1147 875 1263 908 urbem
1288 877 1337 909 sui
1362 877 1504 909 nominis
1531 875 1654 908 consti-

249 928 325 959 tuit.
369 926 461 958 Huic
477 936 519 957 ex
535 926 703 958 Maeandri
719 926 787 958 filia
804 927 923 968 Byblis
940 931 976 958 et
993 927 1127 959 Caunus
1144 929 1215 960 nati
1231 934 1318 961 sunt.
1363 930 1480 970 Byblis
1494 940 1570 962 cum
1586 929 1653 960 fra-

246 986 334 1012 trem
359 980 526 1021 corporali
553 990 667 1011 amore
695 980 822 1021 potius,
847 990 947 1022 quam
973 980 1029 1022 pio
1058 982 1236 1023 patrioque
1265 992 1359 1014 more
1389 982 1558 1023 diligeret,
1588 991 1652 1013 nec

246 1032 413 1064 vesaniam
428 1032 625 1073 cupiditatis
641 1037 890 1074 compesceret,
917 1037 1020 1074 atque
1037 1043 1098 1074 per
1113 1034 1231 1066 literas
1249 1035 1487 1067 detestandum
1502 1044 1651 1067 amorem

246 1086 476 1124 indicavisset,
491 1085 603 1116 furiali
621 1086 757 1117 vesania
780 1086 853 1126 ipse
877 1086 1073 1125 instinctus,
1089 1086 1234 1126 patriam
1262 1087 1422 1128 profugit.
1467 1088 1578 1119 Quem
1594 1086 1654 1117 illa

245 1139 325 1170 dum
343 1139 490 1180 vestigiis
507 1139 736 1180 persequitur,
753 1139 875 1170 multas
899 1148 1079 1179 permensa
1099 1143 1227 1179 gentes,
1252 1139 1431 1171 novissime
1456 1140 1491 1170 in
1517 1139 1652 1171 Cariam

245 1192 353 1231 venit,
374 1191 488 1234 ibique
505 1192 637 1224 assiduo
653 1196 795 1224 mterore
812 1196 846 1223 et
862 1191 947 1223 fletu
973 1191 1118 1233 fatigata
1141 1202 1217 1224 cum
1243 1192 1455 1233 concidisset,
1482 1191 1655 1233 Nympha*-

244 1253 316 1275 rum
330 1245 548 1285 Lelegeidum
565 1245 796 1277 misericordia
809 1244 996 1286 expirantis
1009 1245 1167 1285 lacrymae
1181 1245 1214 1276 in
1230 1244 1359 1277 fontem
1375 1254 1546 1277 conversae
1562 1248 1652 1286 sunt,

244 1298 300 1338 qui
316 1297 458 1329 dominae
474 1300 608 1330 nomine
624 1302 675 1330 est
688 1298 840 1339 insignis.

203 1382 342 1438 HAEc
364 1400 442 1439 ubi
462 1400 653 1440 faticano
676 1400 844 1440 venturi
864 1400 1055 1452 praescia
1076 1399 1190 1440 dixit

203 1463 292 1505 Ore
312 1465 515 1517 Themis3
545 1466 666 1507 vario
687 1466 844 1519 Superi
866 1478 1059 1507 sermone
1080 1465 1338 1508 fremebant:

202 1531 274 1581 Et,
296 1545 372 1572 cur
392 1545 480 1573 non
501 1533 601 1574 aliis
621 1533 780 1573 eadem
801 1533 904 1573 dare
924 1532 1039 1573 dona
1057 1532 1224 1583 liceret,

195 1664 226 1691 et
250 1661 374 1699 gladius
402 1661 555 1700 Phegeius
579 1661 776 1702 transfixerit
801 1662 883 1692 latus
912 1661 1181 1700 consanguineum.
1229 1662 1306 1692 Tum
1335 1661 1463 1701 denique
1495 1661 1647 1693 Callirhoe*

196 1703 342 1733 Acheloia
354 1704 482 1742 supplex
495 1706 594 1742 poscet
608 1713 757 1734 summum
768 1704 877 1734 Jovem
891 1703 968 1734 hant:
982 1706 1107 1734 oetatem
1116 1703 1201 1744 filiis
1215 1702 1397 1741 infantibus·
1440 1704 1567 1743 Jupiter
1581 1707 1646 1734 tac-

196 1748 247 1775 tus
262 1744 310 1775 his
322 1745 477 1785 proefiniet
494 1754 618 1775 munera
630 1745 786 1785 privignae
802 1748 832 1776 et
846 1754 942 1776 nurus
951 1755 963 1781 ,¹
985 1748 1016 1776 et
1028 1745 1192 1785 proestabz't
1205 1745 1287 1775 viros
1301 1748 1393 1776 oetate
1407 1744 1546 1776 imberbi.

241 1795 290 1818 lx.
328 1788 493 1826 Postquam
525 1787 649 1818 Themis
671 1789 808 1828 prudens
828 1787 937 1825 futuri
965 1788 1030 1818 haec
1059 1787 1142 1818 discit
1170 1797 1221 1818 ore
1242 1786 1391 1827 fatidico,
1420 1788 1483 1818 Dii
1511 1797 1646 1818 murmu-

194 1828 305 1860 rabant
337 1830 459 1861 diversa
487 1830 625 1861 oratione
636 1840 648 1867 ;
684 1833 716 1862 et
745 1829 896 1869 fremitus
921 1833 990 1861 erat
1021 1829 1213 1871 quamobrem
1241 1839 1301 1861 non
1318 1829 1377 1867 sas
1405 1833 1481 1862 esset
1508 1830 1645 1870 proebere

196 1983 279 2014 imos
293 1983 475 2015 desidimus
487 1984 706 2017 umal—412
728 1985 827 2026 Saepe
851 1985 1013 2017 scribitur
1039 1984 1325 2023 Phlegeius.—4l3
1348 1983 1418 2013 Pro
1441 1986 1524 2024 petet
1539 1983 1643 2015 etiam

196 2034 249 2064 pr.
261 2026 355 2057 Med.
372 2026 502 2058 Arund.
519 2037 572 2066 pr.
589 2027 775 2067 Hamburg.
791 2027 913 2067 aliique
925 2026 1113 2067 complures
1127 2026 1220 2065 petit.
1264 2025 1334 2055 Hos
1349 2025 1443 2055 dedit
1464 2025 1582 2056 Heius.
1599 2035 1640 2056 ex

196 2067 247 2097 Fl.
260 2066 293 2097 S.
310 2068 433 2106 Marci,
456 2073 492 2098 et
508 2069 630 2100 Urbin.
648 2073 683 2099 et
698 2069 806 2100 tribus
832 2069 904 2100 aliis
919 2079 927 2099 ς
949 2068 1100 2098 nonnulli
1129 2068 1194 2098 lzaec
1210 2076 1285 2098 cum
1302 2067 1398 2097 Cant.
1417 2067 1505 2106 vulg.
1528 2067 1640 2098 boc.—

195 2111 259 2140 414
283 2109 369 2139 Post
383 2110 415 2140 h.
433 2120 482 2140 vs.
499 2111 576 2141 olim
591 2111 689 2141 edeb.
727 2111 814 2141 Neve
828 2120 929 2141 necem
942 2110 1025 2140 sinat
1039 2119 1101 2139 esse
1114 2110 1226 2139 ultoris
1241 2109 1371 2140 inultam
1381 2119 1393 2145 ;
1415 2109 1504 2149 quod
1521 2108 1553 2139 in
1569 2110 1641 2150 qui-

195 2149 339 2181 busdam
353 2151 401 2181 sic
417 2152 561 2191 legitur-3
584 2153 628 2182 N.
644 2162 675 2182 n.
692 2162 718 2182 s.
735 2162 760 2183 e.
782 2152 831 2183 sui
844 2153 970 2183 victoris
982 2152 1003 2182 i.
1018 2152 1052 2182 in
1069 2160 1133 2180 uno
1150 2151 1192 2181 V.
1218 2150 1261 2181 N.
1283 2161 1311 2182 n.
1326 2161 1351 2182 s.
1367 2160 1394 2181 e.
1419 2151 1473 2181 aliu
1485 2151 1594 2181 ultoris
1617 2152 1639 2182 i.

194 2192 252 2223 alii
268 2193 420 2224 nonnulli
430 2194 582 2231 genitoris
597 2203 659 2233 pro
673 2195 798 2224 ultoris.-
826 2194 868 2225 N.
893 2194 963 2224 Neu
982 2194 1161 2233 genitorque
1185 2202 1288 2223 necem
1311 2193 1394 2223 sinat
1416 2202 1480 2223 esse
1499 2195 1640 2232 parentis

192 2234 336 2267 inultam.
382 2234 470 2265 Haec
487 2235 605 2267 Heins.
621 2235 757 2275 delevit,
779 2235 858 2277 quia
878 2245 944 2266 non
957 2235 1200 2275 comparebant
1215 2235 1248 2265 in
1265 2244 1315 2275 pr.
1331 2235 1372 2266 V.
1386 2239 1421 2265 et
1436 2234 1471 2264 in
1487 2243 1554 2266 uno
1578 2245 1639 2266 suo

195 2277 338 2317 ascripti
355 2280 485 2308 tantum
500 2280 597 2308 erant
608 2278 867 2317 margini.—4l5
892 2278 1055 2316 Privignae
1071 2286 1112 2307 ex
1129 2276 1285 2316 scriptis;
1309 2276 1362 2307 alii
1374 2276 1528 2316 privigni.
1563 2277 1638 2310 Sec.

193 2318 288 2350 Med.
303 2323 338 2350 et
352 2319 435 2350 alius
449 2322 519 2350 vota
533 2328 593 2359 pro
604 2320 802 2350 dona—416
823 2320 865 2350 In
879 2319 1037 2350 Heidelb.
1052 2324 1242 2350 correctum
1254 2318 1543 2359 Proeripiet.—417
1566 2318 1638 2351 Alii

193 2360 242 2392 ub.
258 2361 403 2401 vaticino,
427 2362 479 2392 vel
486 2361 740 2400 fatidica—418
764 2362 831 2393 Pro
846 2362 933 2392 vario
947 2362 1024 2392 olim
1038 2361 1134 2393 edeb.
1153 2371 1242 2392 vuno-
1265 2361 1357 2392 Dein
1372 2361 1522 2392 nonnulli
1545 2370 1637 2393 serm.

841 2461 987 2495 NOTAE

234 2546 297 2575 413
321 2543 405 2583 Hos]
426 2543 601 2576 Juveniles
616 2552 737 2583 nempe
748 2543 790 2575 ad
805 2553 886 2584 quos
938 2543 1083 2576 Junonis
1109 2553 1184 2574 cum
1211 2541 1315 2574 fuerit
1339 2541 1420 2582 filia,
1446 2541 1541 2574 Jovis
1568 2540 1636 2581 pri-

192 2593 354 2625 reductus
369 2592 480 2625 fuerat
496 2593 620 2633 Iolaus,
636 2596 674 2624 ut
689 2603 884 2634 praeprope-
938 2593 1037 2633 vigna
1061 2592 1203 2631 dicitur;
1236 2602 1338 2623 nurus
1354 2601 1446 2631 vero,
1468 2590 1634 2632 siquidem

190 2647 265 2674 rata
277 2643 342 2674 illis
361 2643 544 2684 juventute
569 2643 675 2685 patris
701 2653 819 2674 necem
835 2642 882 2674 ul-
938 2642 1091 2682 ejusdem
1107 2642 1177 2673 filio
1193 2642 1333 2673 Herculi
1349 2641 1515 2682 nupserit.

188 2692 268 2724 cisci
284 2697 434 2733 possent.
978 2692 1083 2732 Dona]
1093 2693 1115 2724 J
1119 2696 1314 2725 uventutem
1318 2715 1328 2734 ,
1336 2692 1482 2732 scilicet,
1491 2690 1638 2723 Alcmae-

230 2743 293 2774 415
310 2740 492 2784 Privignae]
507 2741 638 2784 Hebes,
652 2741 795 2784 scilicet,
806 2750 880 2784 quae
934 2741 1007 2774 onis
1020 2741 1109 2775 filiis.
