1831 3023
167 196 280 237 1:382

652 209 690 237 P.
721 207 881 237 ovim!
916 206 1129 238 NAsole

168 300 361 353 Byblida
381 314 481 342 cum
502 300 655 342 Cauno
672 299 843 354 prolem
866 302 933 340 est
953 300 1088 341 enixa
1107 301 1345 354 gemellam.

165 367 324 421 Byblis
345 368 390 408 in
410 369 616 421 exemplo
635 372 715 416 est,
740 372 784 407 ut
805 369 947 407 ament
966 379 1179 409 concessa
1198 368 1382 422 puellae:

167 434 322 488 Byblis
344 434 574 488 Apollinei
595 437 796 485 correpta
817 433 1024 486 cupidine
1041 435 1202 485 fratris,

166 500 273 542 Non
294 515 412 542 soror
433 506 480 540 ut
499 501 690 548 fratrem,
707 512 788 540 nec
809 513 896 552 qua
920 501 1121 552 debebat,
1141 502 1317 543 amavit.

1532 501 1619 542 455

167 567 253 609 Illa
272 568 448 621 quidem
468 567 611 619 primo
630 566 774 607 nullos
796 567 997 621 intelligit
1015 569 1162 622 ignes:

170 634 268 676 Nec
288 646 473 686 peccare
494 637 633 686 putat,
653 635 773 687 quod
795 637 963 689 saepius
986 637 1138 677 oscula
1148 636 1326 690 jungat:

171 699 305 749 Quod
327 713 408 740 sua
427 700 616 742 fraterno
636 702 878 743 circumdet
897 704 1074 744 brachia
1095 703 1212 744 collo
1229 718 1238 744 :

170 765 464 820 Mendacique
484 768 559 807 diu
578 769 760 821 pietatis
780 770 941 810 fallitur
960 771 1128 811 umbra.

170 832 393 874 Paulatim
414 835 602 876 declinat
622 848 768 886 amor3
798 837 1032 890 visuraque
1049 837 1227 876 fratrem

1534 836 1619 877 460

170 901 303 942 Culta
324 903 463 953 venit3
494 903 762 957 nimiumque
785 904 907 957 cupit
927 903 1124 944 formosa
1143 902 1305 943 videri:

171 967 242 1016 Et,
267 969 303 1008 si
327 981 412 1021 qua
432 974 498 1009 est
517 970 608 1011 illic
626 970 874 1020 formosior,
897 968 1063 1010 invidet
1082 968 1162 1010 illi.

172 1035 258 1075 Sed
281 1035 474 1076 nondum
494 1037 729 1079 manifesta
749 1038 836 1079 sibi
856 1042 947 1089 est3
977 1036 1231 1089 nullumque
1253 1036 1334 1077 sub
1354 1036 1431 1077 illo

171 1147 273 1181 atque
302 1153 428 1183 corpora
459 1144 574 1174 eximia
597 1144 717 1181 forma.
773 1145 888 1186 Byblis
915 1145 1051 1185 exemplo
1083 1147 1140 1183 est,
1177 1148 1213 1175 ut
1250 1144 1359 1185 puellae
1395 1147 1499 1176 ament
1526 1144 1624 1177 licita.

173 1185 286 1223 Byblis
321 1185 470 1225 flagrans
510 1187 661 1217 desiderio
699 1187 820 1224 fratris
863 1187 1019 1228 Apollinei
1048 1197 1109 1217 non
1138 1187 1249 1218 dilexit
1276 1185 1415 1225 fratrem
1453 1190 1491 1218 ut
1527 1197 1624 1224 soror,

171 1237 224 1256 nec.
254 1238 312 1267 quo
347 1237 460 1258 amore
489 1229 623 1259 decebat.
669 1230 730 1260 Illa
759 1231 880 1270 quidem
905 1231 1006 1270 primo
1029 1230 1148 1260 nullum
1176 1239 1308 1260 amorem
1335 1228 1502 1269 cognoscit,
1531 1239 1626 1269 neque

170 1269 346 1299 arbitratur
374 1271 451 1301 male
472 1270 592 1309 facere,
613 1273 691 1312 quod
713 1273 824 1313 soepius
849 1273 984 1313 praebeat
1015 1272 1121 1303 suavia
1130 1282 1143 1308 ,·
1179 1272 1258 1312 quod
1283 1273 1487 1312 amplectatur
1514 1272 1625 1302 collum

164 1310 344 1346 fraternum
372 1313 437 1342 suis
476 1313 612 1353 lacertis,
643 1318 674 1344 et
710 1314 763 1345 diu
803 1315 957 1355 decipitur
994 1315 1094 1355 specie
1112 1314 1204 1355 fictoe
1228 1314 1369 1354 pietatis.
1426 1314 1525 1345 Amor
1550 1323 1627 1354 pau-

170 1353 259 1383 latim
274 1353 421 1393 flectitur
446 1355 479 1384 in
496 1354 646 1394 fratrem,
670 1359 760 1396 atque
789 1366 864 1387 enm
895 1358 999 1388 visura
1025 1358 1113 1387 adest
1139 1359 1303 1393 exornata,
1331 1361 1361 1388 et
1387 1357 1510 1397 perdite
1539 1359 1626 1397 optat

170 1395 269 1425 rideri
292 1396 440 1434 pulchra:
463 1399 490 1426 et
519 1397 546 1427 si
577 1408 637 1437 qua
662 1401 708 1428 est
737 1398 781 1429 ibi
807 1399 977 1438 pulchrior,
1001 1399 1049 1429 illi
1078 1398 1206 1429 invidet.
1252 1398 1313 1429 Sed
1336 1400 1468 1429 nondum
1495 1401 1541 1429 est
1565 1397 1627 1428 sibi

168 1441 342 1478 perspecta,
378 1448 471 1479 neque
497 1440 657 1480 quicquam
682 1443 768 1480 optat
793 1441 846 1471 sub
876 1442 929 1472 illo
958 1442 1092 1477 πάθ’-ε,-
1129 1443 1335 1471 cerumtamen
1362 1444 1501 1472 torretur
1528 1440 1627 1471 intus.

782 1513 1018 1525 eeeeeeeeeeee

174 1567 252 1598 que,
266 1568 365 1598 posse
378 1564 411 1590 et
424 1561 605 1600 praestantis
613 1561 727 1599 formoe
743 1562 794 1592 vel
804 1561 1106 1602 proestantiasormoe
1117 1560 1330 1603 (utproestans
1338 1561 1435 1592 animi
1447 1571 1500 1602 ap.
1511 1559 1627 1602 Virg.)

173 1601 251 1640 legi.
268 1601 370 1631 Multi
388 1602 495 1633 Codd.
510 1604 693 1643 praestantia
701 1603 806 1640 forma
817 1615 827 1635 .·
849 1604 944 1634 Unus
958 1603 1086 1636 Medic.
1101 1603 1234 1641 formae:
1258 1605 1369 1643 vulgo,
1382 1604 1548 1643 praestanti
1560 1612 1626 1634 cor-

170 1653 245 1682 pore
267 1643 409 1682 nympha.
453 1645 603 1675 Dubium
620 1650 744 1684 autem,
761 1645 872 1685 Byblis
899 1655 939 1675 an
961 1646 1065 1676 Biblis
1090 1646 1326 1676 scribendum:
1352 1645 1418 1676 vid.
1446 1645 1566 1676 Heius.
1590 1645 1625 1676 in

175 1686 258 1715 Not.
288 1685 476 1716 Van—455
503 1686 661 1717 Heidelb.
686 1697 740 1717 nec
752 1690 928 1726 qum—457
953 1688 1116 1718 Nonnulli
1132 1687 1310 1726 osc.jungit
1322 1698 1332 1717 .·
1353 1692 1389 1717 et
1404 1697 1452 1718 vs.
1469 1686 1626 1727 seq.srat.

174 1727 462 1757 circumdat—459
484 1728 564 1759 Jun.
590 1734 625 1759 et
652 1729 735 1760 alius
758 1730 1097 1769 stlendacisque.-—460
1120 1729 1309 1760 Politianus
1326 1739 1369 1759 ex
1383 1733 1453 1760 vet.
1465 1729 1548 1760 Cod.
1576 1738 1628 1769 pr.

174 1769 278 1799 Gron.
296 1773 331 1799 et
345 1774 414 1800 tres
432 1770 488 1800 alii
502 1770 594 1802 Paul.
606 1772 780 1811 succrescit,
791 1772 1005 1812 improbante
1018 1771 1160 1803 Heinsio
1174 1783 1181 1802 z
1207 1781 1290 1802 unns
1306 1771 1424 1803 Heins.
1439 1771 1628 1803 succedit.—

826 1881 972 1914 NOTAE

216 1946 278 1973 453
303 1942 433 1982 Ament]
468 1944 577 1977 Immo
599 1950 635 1976 et
661 1950 761 1977 caute
785 1945 874 1977 intu-

175 1999 306 2032 eantur,
330 1995 357 2024 si
383 2003 507 2034 amare,
522 2005 636 2027 servas
650 1995 737 2036 fieri,
763 1996 876 2037 perire

175 2043 319 2084 denique
337 2049 505 2076 metuunt.

218 2097 281 2124 454
304 2095 474 2135 Apollinei]
498 2094 562 2126 Cui
578 2094 702 2135 Apollo
718 2104 811 2126 avus.

217 2146 280 2173 456
304 2143 428 2183 Primo]
452 2145 559 2175 Amor
584 2145 688 2184 igitur
711 2149 750 2175 ut
772 2145 875 2175 maxi-

175 2203 279 2231 mum,
296 2194 343 2224 ita
359 2200 390 2225 et
409 2194 552 2224 maxime
575 2193 793 2224 metuendum
809 2203 876 2223 ma-

176 2244 258 2280 lum,
274 2243 439 2283 siquidem
456 2243 663 2283 incognitum
679 2242 810 2282 irrepit.

220 2297 283 2325 459
309 2294 524 2335 Mendacique]
547 2294 665 2324 Prima
681 2294 755 2324 mali
770 2293 874 2324 nostri

176 2344 270 2374 labes
287 2344 404 2384 Error,
415 2354 515 2385 quem
531 2343 686 2384 seqnitur
697 2344 876 2375 nostrimet

175 2393 345 2425 interitus.
382 2394 473 2424 Hinc
490 2394 668 2433 Diabolus,
685 2393 876 2425 Calumnia-

176 2448 244 2480 tor,
260 2443 495 2484 hominumque
512 2443 645 2483 Deique
668 2443 787 2482 hostis,
811 2443 878 2483 pri-

177 2503 232 2523 mo
251 2494 324 2524 loco
339 2494 504 2533 Mendax,
519 2494 615 2534 cujus
632 2499 785 2524 naturam
805 2503 878 2534 pro·

179 2544 286 2583 priam
302 2553 423 2574 nomen
446 2544 566 2584 ipsum,
580 2553 769 2584 quanquam
794 2543 878 2574 osci-

177 2600 292 2625 tanter
317 2594 534 2633 advertimus,
559 2595 633 2624 Deo
661 2592 878 2629 admonente,

177 2643 315 2674 indicat.
374 2643 465 2674 Hinc
490 2644 652 2674 Servator
678 2642 797 2674 Ihesus
822 2643 878 2683 qui

178 2692 293 2723 Patris
321 2693 494 2732 virtutem,
521 2693 556 2723 in
581 2692 676 2723 nobis
701 2691 877 2723 mendacio

180 2753 388 2784 oppressam,
402 2744 544 2784 excitat,
562 2743 721 2775 VERBUM
738 2742 877 2781 dicum,

931 1955 950 1975 a
966 1953 1030 1986 quo
1047 1945 1186 1982 Lumen,
1200 1942 1423 1983 Sapientiam,
1437 1941 1627 1973 Veritatem

929 1995 1088 2032 mutuari,
1101 1993 1165 2030 cui,
1181 1991 1394 2033 quantumvis
1414 1989 1630 2031 refragrante

930 2053 1033 2074 carne
1049 2043 1184 2074 Diaboli
1198 2041 1343 2080 conscia,
1366 2040 1508 2071 credere
1535 2045 1629 2071 tene·

930 2098 988 2123 tur
1014 2092 1165 2133 quisquis
1192 2092 1245 2122 vel
1273 2091 1414 2130 pietatis
1446 2090 1582 2121 nomine
1610 2099 1630 2121 a

930 2143 1004 2173 Deo
1021 2141 1211 2172 desciscere
1225 2141 1358 2172 metuit.

971 2194 1035 2222 460
1058 2191 1219 2230 Declinat]
1242 2190 1420 2231 Augetur;
1448 2189 1490 2221 ad
1514 2188 1630 2220 nefan-

930 2242 1008 2272 dam
1022 2240 1174 2272 flectitur
1190 2240 1375 2271 libidinem.

972 2293 1032 2321 461
1060 2290 1155 2330 Cupit
1174 2288 1329 2328 formosa]
1361 2288 1482 2320 Sciunt
1507 2298 1629 2330 nempe

930 2341 1011 2371 Evae
1038 2339 1115 2370 filiae
1140 2338 1227 2370 falsa
1252 2339 1332 2371 boni
1357 2339 1470 2381 specie
1496 2339 1628 2381 lapsum

929 2389 1107 2420 Adamum.

971 2442 1034 2471 463
1059 2439 1249 2480 Manifesta]
1271 2439 1414 2473 Quinam
1431 2444 1545 2471 essent
1559 2449 1629 2471 mo-

931 2494 984 2521 tus
999 2490 1063 2529 sui,
1079 2495 1137 2521 aut
1149 2500 1216 2531 quo
1231 2495 1429 2531 spectarent
1443 2490 1630 2526 nesciebat.

933 2542 1012 2573 Non
1027 2541 1136 2572 minus
1152 2540 1280 2581 peribit
1294 2546 1424 2579 tamen3
1441 2545 1479 2571 ut
1494 2540 1632 2582 ineptis-

931 2592 1003 2622 simi
1020 2591 1200 2623 videantur
1214 2591 1269 2632 qui
1284 2590 1558 2622 adolescentibus
1573 2600 1631 2622 na-

933 2646 1018 2672 turae
1045 2642 1145 2682 mala,
1170 2642 1205 2673 in
1229 2651 1304 2682 qnae
1333 2640 1521 2673 nescientes
1546 2641 1630 2672 inci-

931 2692 1027 2731 dunt,
1056 2697 1229 2733 verentur,
1263 2691 1480 2734 praecavendi
1514 2701 1632 2732 causa,

929 2741 1093 2774 indicare.
