1831 3023
210 250 321 292 1596
691 262 731 290 P.
764 259 922 290 ovxnn
955 259 1169 291 NASONJS

206 352 338 394 Nunc
357 353 503 395 trahor
521 353 639 402 exul,
659 353 800 404 inopS,
818 351 994 391 tumulis
1014 353 1166 393 avulsa
1185 364 1396 404 meorum,
1567 353 1652 394 510

206 419 442 474 Penelopae
464 432 616 460 munus
634 433 643 458 :
674 430 771 470 quae
792 430 876 466 me,
897 417 998 458 data
1015 432 1151 471 pensa
1172 419 1425 469 trahentem,

206 485 427 527 Matribus
445 485 675 526 ostendens
697 483 880 533 Ithacis,
903 484 1019 525 Haec
1042 485 1246 527 Hectoris
1265 487 1344 527 illa
1362 491 1430 528 est

208 552 340 594 Clara
358 565 534 605 parens:
566 553 661 592 haec
685 556 766 600 est,
790 551 921 600 dicet,
943 551 1164 594 Priameia
1185 553 1364 607 conjux.

207 618 402 671 Postque
423 622 486 659 tot
508 619 695 659 amissos
715 622 761 659 tu
781 630 912 667 nunc,
935 631 1036 671 quae
1059 619 1156 660 sola
1173 621 1354 662 levabas

208 684 434 725 Matemos
456 685 617 734 luctus,
638 685 814 726 hostilia
834 685 964 726 busta
986 685 1134 735 piasti.
1573 686 1658 728 515

207 749 394 791 Inferias
414 751 529 792 hosti
547 754 710 806 peperi.
772 751 875 802 Quo
894 751 1032 793 ferrea
1050 755 1194 795 resto?

208 815 383 866 Quidve
400 822 575 860 moror?
607 832 695 872 quo
715 832 785 858 me
807 832 971 866 servas,
992 820 1206 861 damnosa
1225 824 1423 863 senectus
1438 822 1457 861 ’ἰ

207 881 342 933 Quid,
363 884 422 926 Di
443 886 655 933 crudeles,
674 884 761 924 nisi
783 896 872 935 quo
893 896 1009 924 nova
1026 883 1178 925 funera
1198 897 1383 936 cernam,

206 948 419 990 Vivacem
441 950 623 991 differtis
644 951 804 991 anum'!
837 950 937 1003 quis
956 963 1090 1003 posse
1109 953 1281 1004 putaret

209 1015 407 1057 Felicem
429 1017 669 1067 Priamum,
690 1021 793 1071 post
812 1017 953 1057 diruta
976 1016 1207 1069 Pergama,
1231 1018 1320 1059 dici
1334 1020 1353 1059 'i
1575 1019 1660 1061 520

209 1082 342 1123 Felix
362 1089 501 1125 morte
522 1098 617 1135 sua,
637 1098 718 1125 nec
738 1088 794 1133 te,
815 1096 917 1124 mea
935 1087 1055 1134 nata,
1075 1088 1314 1139 peremtam

207 1148 401 1203 Aspicit,
424 1155 466 1191 et
486 1152 619 1193 vitam
641 1151 798 1205 pariter
818 1164 1079 1205 regnumque
1098 1152 1291 1206 reliquit.

207 1215 270 1257 At
288 1216 438 1272 (puto)
456 1219 680 1260 funeribus
701 1219 922 1269 dotabere‚
943 1220 1060 1272 regia
1078 1220 1227 1273 virgo3

210 1283 517 1340 Gondeturque
539 1291 661 1328 tuum
680 1287 968 1328 monumentis
985 1299 1143 1340 corpus
1164 1288 1309 1329 avitis.

210 1351 313 1392 Non
331 1352 428 1395 haec
449 1359 517 1396 est
539 1354 732 1396 Fortuna
753 1355 930 1396 domus.
988 1354 1092 1395 Tibi
1111 1367 1291 1395 munera
1308 1353 1461 1396 matris
1577 1352 1663 1394 525

210 1418 473 1474 Contingent
491 1423 632 1473 fletus,
654 1424 979 1477 peregrinaeque
1003 1422 1188 1463 haustus
1209 1434 1362 1464 arenae.

208 1550 355 1590 extorris,
371 1561 478 1591 egena,
501 1555 604 1583 tracta
628 1562 647 1583 α
660 1552 805 1593 sepulcris
820 1561 965 1590 meorum,
980 1553 1091 1582 donum
1108 1551 1277 1591 Penelopae.
1325 1551 1402 1586 Quoe
1416 1553 1591 1581 monstrans
1603 1558 1664 1589 me,

208 1593 380 1624 trahentem
391 1602 488 1632 pensa
502 1595 654 1631 exhibita,
662 1594 804 1632 foeminis
818 1594 1040 1633 ulmensibus,
1055 1594 1147 1633 Hoec,
1164 1594 1292 1633 inquiet,
1308 1594 1362 1623 illa
1378 1597 1423 1624 est
1435 1596 1535 1624 mater
1547 1593 1667 1632 inclyta

209 1634 381 1670 Hectoris,·
403 1634 469 1664 haec
483 1637 528 1664 est
542 1644 623 1664 uxor
637 1636 775 1666 Priami.
819 1638 920 1675 Atque
936 1640 984 1675 tu,
1009 1646 1076 1676 quoe
1099 1645 1177 1666 nunc
1202 1637 1267 1666 sola
1293 1635 1427 1666 leniebas
1439 1643 1583 1666 moerores
1597 1643 1664 1665 ma-

208 1680 312 1708 ternos
334 1679 401 1717 post
426 1679 472 1707 tot
496 1676 645 1716 perditos,
679 1677 813 1716 placasti
835 1678 975 1716 sepulcra
1002 1678 1139 1706 hostilia.
1195 1678 1302 1707 Enixa
1324 1687 1392 1707 sum
1416 1677 1546 1714 inferias
1570 1676 1664 1707 hosti.

211 1719 364 1755 Quorsum
391 1722 544 1758 superstes
558 1728 626 1749 sum
640 1717 743 1750 dura?
793 1719 848 1750 Vel
862 1719 935 1758 quid
958 1716 1108 1758 expecto?
1141 1728 1197 1758 quo
1222 1728 1269 1749 me
1291 1728 1407 1758 servas,
1429 1722 1567 1749 senectus
1579 1719 1665 1749 dam-

207 1759 308 1792 nosa?
354 1761 568 1801 Quamobrem,
583 1761 642 1792 Dii
657 1762 745 1799 mvi,
767 1760 940 1802 producitis
963 1761 1101 1792 vivacem
1125 1769 1229 1797 anum,
1253 1760 1315 1791 nisi
1330 1764 1365 1791 ut
1379 1761 1498 1791 videam
1512 1770 1591 1792 nova
1607 1759 1665 1798 su-

208 1801 308 1834 nera?
354 1803 433 1839 Quis
448 1805 586 1835 crederet
601 1804 762 1835 Priamum
771 1813 857 1844 posse
871 1803 974 1834 cocari
988 1803 1108 1834 beatum
1118 1806 1187 1843 post
1206 1803 1329 1841 Trojam
1343 1801 1503 1835 eversam?
1546 1803 1667 1834 Beatus

210 1849 307 1876 morte
329 1855 395 1886 sua,
414 1855 511 1886 neque
534 1850 565 1878 te
588 1847 686 1877 cernit
709 1849 887 1885 mactatam,
912 1855 979 1876 mea
993 1845 1090 1886 filia;
1121 1848 1211 1886 atque
1237 1846 1370 1876 deseruit
1393 1845 1487 1876 simui
1510 1845 1609 1876 vitam
1633 1849 1664 1876 et

209 1898 350 1928 reg-num.
395 1889 441 1919 At
454 1889 590 1929 (credo)
603 1889 758 1920 ornaberis
772 1888 921 1929 exequiis,
933 1888 1035 1928 puella
1049 1888 1158 1927 regia.-
1179 1891 1271 1928 atque
1284 1891 1371 1919 tuum
1384 1897 1493 1929 corpus
1503 1888 1666 1928 sepelietur

210 1931 337 1963 tumulis
351 1931 457 1963 avitis.
503 1932 576 1963 Non
589 1942 625 1963 ea
637 1935 683 1963 est
694 1941 760 1963 sors
771 1933 886 1963 domus.
933 1930 1004 1962 Tibi
1016 1929 1175 1962 obvenient
1190 1931 1268 1962 dona
1283 1931 1394 1962 matris
1407 1932 1561 1972 lacrymoe,
1570 1933 1666 1971 ‘atque

822 2012 1055 2025 ooooooooooo

210 2068 337 2100 habent
361 2068 416 2100 uni
439 2069 636 2101 mihi.—511
662 2069 868 2102 Quindecim
895 2069 975 2101 libri
1006 2069 1297 2109 Penelopes.-514
1321 2069 1416 2100 Unus
1438 2068 1535 2101 Med.
1562 2072 1597 2100 tu
1619 2071 1664 2099 tot

211 2121 278 2150 quae
292 2113 456 2144 soh—516
479 2112 636 2145 Quatuor
649 2113 725 2153 quid
742 2122 802 2154 pro
826 2122 904 2152 quo;
927 2116 963 2143 et
977 2121 1046 2143 sec.
1069 2112 1110 2143 V.
1136 2112 1208 2152 quid
1229 2112 1344 2143 ahenea
1363 2113 1546 2144 reeh—'51⁷
1571 2110 1665 2142 Vett.

212 2154 288 2183 libri
303 2164 417 2185 annosa
433 2158 545 2187 senect.
568 2154 628 2186 sed
645 2164 722 2187 cum
738 2155 886 2196 antiquis
903 2154 990 2185 Edd.
1010 2154 1129 2186 Heius.
1146 2159 1246 2194 putat
1261 2155 1406 2185 damnosa
1421 2152 1665 2194 reponendum.

212 2198 318 2226 -518
341 2197 397 2227 Sic
414 2197 532 2228 Heius.
553 2196 698 2237 refingit.
743 2198 845 2238 Vulg.
864 2197 932 2233 Quo
953 2198 997 2228 D.
1013 2201 1048 2228 at
1074 2197 1149 2237 quid
1163 2200 1279 2227 monet
1291 2196 1507 2227 scribendum
1523 2204 1598 2226 cum
1615 2205 1665 2235 pr.

212 2237 254 2268 V.
271 2246 323 2277 pr.
337 2238 505 2269 Twisden.
522 2244 558 2269 et
573 2239 701 2271 duobus
718 2240 812 2270 Med.
859 2239 996 2270 Deinde
1022 2248 1065 2269 ex
1092 2238 1136 2270 Ν.
1152 2238 1186 2269 S.
1199 2238 1321 2276 Marci,
1335 2238 1506 2278 Bernegg.
1520 2237 1664 2278 aliisque

212 2279 366 2319 reposuit
392 2289 448 2319 quo
473 2289 534 2319 pro
562 2281 650 2319 vulg.
676 2281 844 2311 uti.—5l9
867 2281 941 2311 Pal.
974 2280 1044 2311 Viv.
1059 2280 1191 2310 servatis
1204 2282 1363 2310 an.——523
1388 2279 1483 2311 Med.
1499 2279 1550 2310 Fi.
1566 2283 1602 2310 et
1619 2280 1664 2311 N.

207 2321 280 2359 fun.
297 2321 648 2362 donabere‚reg.-524
671 2322 738 2353 Ms.
765 2323 897 2354 Bersm.
925 2322 1214 2362 credeturq.—526
1237 2321 1344 2354 Gron.
1369 2326 1406 2354 et
1430 2322 1523 2354 Mor.
1541 2322 1667 2354 Contin-

875 2422 1014 2454 NOTAE

214 2500 360 2539 quatum·
405 2495 587 2527 liberorum
628 2497 764 2528 nomina
810 2497 914 2529 habes
968 2502 1057 2529 tates
1073 2497 1226 2539 extingui
1241 2507 1307 2529 non
1323 2498 1446 2540 potuit.

215 2546 305 2588 apud
322 2546 494 2587 Hyginum
506 2550 541 2577 et
556 2546 800 2587 Apollodorum
814 2559 822 2586 3
838 2558 915 2589 quo·
1010 2551 1073 2579 523
1097 2547 1283 2588 Funeribus]
1297 2548 1527 2589 Exequiarum
1541 2549 1668 2588 magni-

216 2607 289 2629 rum
316 2597 434 2628 decem
456 2597 636 2637 masculos,
657 2602 788 2638 septem
810 2597 915 2629 foemi-
968 2597 1033 2630 fico
1050 2602 1228 2640 apparatu.
1271 2597 1408 2630 Ironice
1427 2602 1541 2630 autem
1563 2599 1667 2640 loqui·
1731 2608 1735 2609 ⁷

211 2657 289 2686 nas,
299 2656 342 2678 ex
357 2645 504 2678 Hecuba
519 2651 694 2688 susceptos
709 2657 904 2688 cognoscas,
971 2654 1038 2681 tur.

259 2699 321 2728 511
345 2696 526 2737 Penelopoe]
549 2697 640 2730 Quia
663 2697 779 2738 Ulyssi
806 2698 915 2729 Pene-
1012 2703 1076 2732 526
1099 2699 1227 2740 Arenae]
1259 2700 1348 2733 Quae
1377 2699 1521 2742 eruitur,
1543 2700 1665 2733 deinde

215 2747 311 2787 lopes
325 2745 447 2778 marito
463 2750 554 2777 sorte
570 2746 713 2779 Hecuba
727 2747 905 2788 obtigerat.
970 2760 1072 2793 super
1089 2750 1236 2783 cadaver
1252 2749 1413 2792 injicitur.

259 2798 324 2828 516
348 2795 481 2837 Ferrea]
504 2796 591 2830 Quae
617 2806 679 2838 per
704 2801 756 2829 tot
781 2798 915 2830 calami·
