1831 3023
214 273 327 317 1598
706 285 745 314 P.
777 282 935 312 0V1D11
968 282 1180 314 NAsoms

211 378 406 420 Vulnera
425 377 647 432 praecipue
664 391 674 418 :
707 389 843 429 seque
863 380 1003 418 armat
1021 380 1067 418 et
1084 376 1258 418 instruit
1275 375 1354 416 ira.

214 446 317 498 Qua
337 446 468 488 simul
491 444 675 494 exarsit,
696 447 903 496 tanquam
920 444 1071 496 regina
1090 447 1294 493 maneret,
1577 442 1662 484 545

212 514 382 555 Ulcisci
404 511 579 562 statuit3
610 524 842 564 poenaeque
863 512 910 551 in
927 512 1112 564 imagine
1132 516 1226 553 tota
1247 512 1330 550 est.

213 580 360 633 thue
379 579 482 619 furit
502 578 651 618 catulo
671 579 857 619 lactente
877 579 1031 620 orbata
1047 579 1198 628 leaena,

213 647 433 700 Signaque
452 648 582 685 nacta
601 644 776 698 pedum,
798 647 1010 698 sequitur,
1031 659 1156 699 quem
1176 659 1263 686 non
1281 643 1414 694 videt,
1434 643 1632 694 hostem3

215 714 289 754 Sic
309 711 511 761 Hecube,
532 714 771 766 postquam
792 726 892 753 cum
911 713 1035 753 luctu
1054 714 1228 754 miscuit
1246 713 1370 762 iram,

213 779 317 820 Non
337 779 473 819 oblita
493 779 747 829 animorum,
770 791 981 819 annorum
998 780 1134 820 oblita
1154 792 1348 828 suorum,
1580 774 1664 817 550

211 845 351 887 Vadit
371 846 429 887 ad
450 845 660 887 artificem
681 846 786 885 dirae
808 844 1117 896 Polymestora
1135 846 1272 884 eaedis
1285 860 1308 885 :-

214 912 576 966 Colloquiumque
597 912 732 966 petit:
762 924 863 952 nam
883 924 929 951 se
946 913 1188 951 monstrare
1207 910 1405 950 relictum

212 979 341 1020 Velle
357 980 498 1020 latens
519 978 602 1028 illi,
622 978 740 1031 quod
757 982 860 1019 nato
881 977 1089 1027 redderet,
1112 989 1279 1017 aurum.

214 1045 408 1088 Credidit
428 1046 673 1099 Odrysius:
704 1046 952 1099 praedaeque
977 1049 1183 1085 assuetus
1205 1056 1349 1085 amore

214 1114 268 1155 In
289 1116 460 1154 secreta
476 1113 621 1154 venit:
653 1125 753 1153 cum
773 1112 938 1153 blando
961 1111 1146 1154 callidus
1169 1124 1256 1161 ore,
1582 1108 1667 1149 550

213 1180 341 1221 Tolle
362 1192 522 1230 moras,
545 1177 750 1229 Hecube,
773 1179 915 1221 dixit:
948 1179 1006 1219 da
1025 1190 1207 1219 munera
1225 1181 1348 1219 nato.

216 1247 356 1288 Omne
375 1246 465 1287 fore
486 1246 605 1286 illius
627 1246 745 1300 quod
769 1246 864 1295 das,
887 1245 1002 1300 quod
1024 1249 1067 1286 et
1088 1248 1187 1286 ante
1207 1244 1381 1294 dedisti,

215 1314 301 1354 Per
322 1313 520 1366 Superos
535 1313 648 1367 juro.
710 1312 893 1366 Spectat
912 1312 1150 1353 truculenta
1169 1312 1433 1365 loquentem,

215 1380 436 1434 Falsaque
450 1380 693 1434 jurantem:
725 1379 974 1433 tumidaque
996 1382 1218 1419 exaestuat
1237 1378 1332 1429 ira3

216 1447 366 1500 Atque
388 1448 454 1487 ita
475 1451 719 1500 correptum
745 1447 1020 1500 captivarum
1037 1447 1203 1499 agmine
1221 1450 1413 1486 matrum
1581 1444 1667 1486 560

216 1513 406 1564 Involat,
427 1518 472 1552 et
493 1513 655 1565 digitos
678 1515 729 1567 in
741 1513 912 1565 perfida
932 1513 1095 1551 lumina
1116 1512 1277 1559 condit,

213 1670 323 1707 plagas
328 1666 397 1709 filii
414 1666 565 1706 jacentis,
585 1667 698 1706 plagas
709 1669 883 1706 praesertim
896 1678 905 1697 :
927 1677 1015 1707 seque
1042 1672 1143 1698 armat
1167 1670 1197 1698 et
1221 1668 1350 1698 instruit
1365 1668 1426 1699 ira.
1474 1669 1544 1704 Qua
1558 1669 1667 1700 statim

215 1714 306 1750 atque
319 1709 496 1746 excanduit,
522 1710 607 1748 quasi
622 1712 698 1739 esset
720 1709 818 1739 adhuc
832 1709 952 1747 regina,
976 1710 1111 1739 decrevit
1124 1709 1239 1748 ulcisci,
1254 1713 1344 1749 atque
1360 1713 1427 1740 tota
1441 1714 1487 1740 est
1502 1711 1536 1740 in
1550 1711 1667 1750 cogita-

215 1754 297 1783 tione
307 1761 414 1791 poenoe.
460 1752 506 1781 Et
520 1752 598 1781 sicut
614 1752 710 1782 leoena
722 1750 845 1791 privata
859 1751 959 1782 catulo
975 1751 1106 1781 lactente
1113 1750 1211 1789 furit,
1234 1754 1264 1781 et
1279 1755 1369 1782 nacta
1384 1751 1518 1791 vestigia
1531 1753 1668 1792 sequitur

214 1795 330 1825 hostem
343 1803 430 1834 quem
442 1803 501 1824 non
516 1794 599 1824 videt
613 1805 625 1830 ;
647 1794 692 1824 sic
705 1794 832 1824 Hecuba
844 1797 1004 1834 postquam
1018 1794 1142 1824 miscuit
1156 1793 1236 1824 iram
1248 1803 1316 1824 cum
1330 1795 1425 1832 luctu,
1439 1803 1498 1825 non
1511 1794 1669 1826 ⁴immemor·

214 1837 396 1874 animorum,
408 1836 564 1866 immemor
578 1837 752 1875 senectutis,
767 1837 794 1867 it
806 1838 847 1867 ad
861 1837 1099 1876 Polymestorem
1112 1838 1268 1866 auctorem
1280 1837 1412 1867 crudelis
1422 1837 1514 1874 necis,
1528 1840 1559 1867 et
1571 1837 1669 1877 poscit

215 1878 312 1918 affari
321 1889 331 1909 .·
365 1878 435 1918 quia
451 1882 574 1918 cuperet
597 1879 645 1909 illi
660 1880 816 1910 ostendere
841 1889 949 1909 aurum
968 1879 1120 1918 rel-ictum,
1144 1880 1305 1918 occultum,
1330 1881 1407 1919 quod
1430 1880 1567 1910 traderet
1582 1879 1669 1921 filia.

219 1921 370 1952 Thracius
379 1920 480 1962 fidem
493 1921 600 1951 habuit
610 1932 620 1952 .·
643 1925 734 1961 atque
749 1921 894 1952 concessit
909 1922 943 1952 in
957 1924 1102 1952 secretum
1119 1924 1255 1952 assuetus
1269 1922 1411 1962 cupidine
1421 1923 1549 1961 praedoe.
1593 1922 1669 1953 Noli

215 1964 366 2002 cunctari,
385 1963 522 2002 Hecuba,
543 1964 656 2003 inquit,
672 1967 812 1995 versutus
836 1964 976 1995 mollibus
1000 1963 1118 1994 verbis:
1138 1964 1265 2004 porrige
1291 1966 1370 1996 dona
1383 1964 1468 2006 filio.
1512 1965 1592 1995 Juro
1612 1973 1668 2004 per

217 2007 314 2045 Deos,
327 2015 412 2036 omne
425 2007 503 2046 quod
517 2005 623 2046 offers,
639 2010 668 2036 et
681 2008 759 2046 quod
771 2010 862 2037 antea
873 2006 1012 2037 obtulisti
1017 2005 1166 2043 futurum
1176 2007 1272 2037 iltius.
1305 2007 1410 2038 Atrox
1424 2006 1535 2046 aspicit
1549 2008 1668 2047 loquen-

216 2051 289 2088 tem,
303 2051 332 2078 et
338 2048 419 2089 ficta
426 2049 598 2087 jurantem,
613 2052 703 2088 atquc
710 2049 795 2086 fur‘it
812 2049 857 2079 ἱνα
872 2050 1007 2088 turgida.
1054 2049 1097 2078 Et
1113 2048 1217 2087 injicit
1230 2058 1262 2079 se
1275 2059 1343 2079 cum
1357 2048 1448 2080 turba
1461 2048 1668 2086 soeminarum

216 2091 411 2131 captivarum
425 2091 459 2122 in
472 2091 565 2122 illum
577 2091 770 2131 prehensum,
795 2095 825 2122 et
841 2091 928 2122 abdit
942 2091 1058 2131 digitos
1073 2091 1105 2122 in
1123 2091 1258 2132 perfidos
1272 2091 1382 2132 oculos,
1406 2094 1435 2122 et
1458 2091 1529 2122 illos
1548 2091 1668 2122 revellit

219 2247 281 2276 544
304 2244 346 2275 V.
373 2248 408 2274 et
427 2245 472 2275 N.
496 2245 590 2275 instr.
613 2247 716 2281 iranz,·
748 2246 835 2285 quod
859 2245 977 2276 Heins.
1001 2244 1188 2285 elegantius
1217 2246 1432 2285 putat.-—549
1455 2244 1551 2276 Unus
1571 2244 1666 2276 Med.

215 2290 314 2327 postq.
329 2287 413 2316 luctu
435 2286 611 2325 permiscuit
635 2287 784 2316 iun—554
809 2287 928 2317 Heius.
954 2293 1069 2318 monet
1094 2288 1194 2318 amori
1219 2286 1461 2324 scribendum3
1486 2287 1551 2327 vel,
1576 2287 1665 2327 quod

219 2329 325 2360 nihilo
341 2328 386 2358 sit
401 2327 562 2367 deterius,
591 2328 715 2358 allectus
735 2332 956 2359 amore.-556
980 2329 1075 2360 Leid.
1099 2323 1229 2360 e(d110
1255 2329 1313 2359 alii
1341 2329 1417 2360 Toll.
1433 2332 1553 2365 menis,-
1576 2329 1665 2360 Mor.

218 2371 435 2402 minas.-560
458 2370 559 2410 Vulg.
585 2371 684 2410 Atque
699 2370 745 2400 ita
759 2374 898 2410 correpto
913 2372 1105 2410 captivarum
1119 2372 1247 2410 agmina
1261 2374 1395 2402 matrum
1413 2372 1551 2402 Invocat.
1591 2371 1667 2402 Cor·

218 2416 339 2453 reptum
354 2413 521 2453 Bernegg.
537 2422 555 2442 a
570 2422 667 2442 manu
686 2412 803 2452 prima,
818 2417 853 2443 et
870 2422 932 2453 pro
949 2413 1082 2444 diversa
1098 2414 1245 2445 lectione
1261 2423 1313 2453 pr.
1338 2413 1443 2444 Gron.
1466 2416 1606 2453 correpta
1619 2413 1666 2445 N.

219 2455 350 2486 Arund.
367 2459 402 2485 et
419 2459 496 2485 tert.
514 2454 609 2485 Med.
627 2455 696 2484 Pro
711 2456 836 2493 agmina
849 2465 900 2496 pr.
917 2465 986 2486 sec.
999 2457 1039 2487 V.
1057 2457 1113 2486 Fr.
1130 2460 1165 2487 et
1190 2460 1321 2496 septem
1337 2456 1407 2494 fflii,
1420 2456 1552 2494 agmine.
1577 2455 1668 2485 Invo-

219 2499 265 2528 lat
281 2498 335 2528 Fr.
354 2507 405 2536 pr.
421 2497 463 2527 V.
480 2496 636 2528 Calandr.
658 2497 785 2528 Thuan.
803 2502 838 2528 et
865 2498 921 2528 alii
938 2508 1006 2530 sex.
1037 2499 1149 2539 Unde,
1173 2508 1250 2529 cum
1264 2498 1372 2538 primo
1391 2497 1528 2536 Mol-eti,
1545 2497 1665 2529 Heius.

220 2544 370 2572 nostram
385 2539 569 2570 lectionem
582 2538 816 2571 suadet.-561
842 2539 1003 2572 Heidelb.
1026 2542 1132 2573 lumin.
1147 2541 1359 2572 vertit—562
1382 2539 1665 2580 Vulg.Expellitc1.

870 2621 1007 2653 NOTAE

265 2707 327 2736 546
345 2703 914 2745 Poenoe]QuaP01ymest0remaffi-
969 2706 1060 2737 cius:
1101 2710 1180 2738 sunt
1207 2705 1297 2738 enim
1327 2704 1472 2747 Odrysae
1505 2704 1664 2739 'l'hraciae

226 2759 334 2786 εει-εἴ.
968 2756 1094 2798 populi.
1638 2764 1646 2770 “

266 2807 328 2836 554
360 2804 527 2846 Odrysius]
570 2804 786 2845 Polymestor
814 2806 915 2838 Thra-
