1831 3023
239 234 352 282 1482
722 245 765 276 P.
797 243 955 274 ovum
987 242 1200 275 NAsoms
1264 277 1270 286 ,

239 341 343 392 Quo
363 343 600 395 postquam
620 338 832 380 AEacides
849 338 989 378 fessus
1011 351 1199 391 curaque
1221 338 1383 391 viaque

239 407 398 459 Venit;
430 411 472 448 et
489 407 664 447 intravit
684 406 837 458 paucis
855 404 1168 445 comitantibus
1189 406 1340 445 urbem
1357 418 1368 456 ;
1603 403 1690 446 275

241 473 455 527 Quosque
477 485 622 525 greges
643 483 866 523 pecorum,
885 483 985 523 quae
1008 483 1153 511 secum
1177 475 1373 512 armenta
1391 471 1602 520 trahebat,

241 542 379 584 Haud
400 540 553 592 procul
574 551 600 577 a
620 539 753 577 muris
775 538 856 577 sub
877 550 1018 591 opaca
1038 540 1150 580 valle
1173 539 1363 592 reliquit.

241 607 386 660 Copia
405 617 502 645 cum
522 604 639 644 facta
659 607 728 644 est
747 603 934 644 adeundi
955 606 1093 658 prima
1114 606 1308 660 tyranni3

241 673 503 715 Velamenta
521 684 654 712 manu
676 672 955 725 praetendens
976 674 1191 726 supplice,
1212 674 1287 727 qui
1307 673 1381 723 sit,

241 738 432 792 Quoque
456 743 594 788 satus,
614 743 842 789 memorat,
865 743 1028 779 tantum
1049 753 1130 781 sua
1150 741 1333 781 crimina
1353 740 1480 782 celat.
1609 737 1694 780 ⁶280

241 802 549 859 Mentitusque‘
560 806 675 859 fugae
698 819 894 856 causam,
917 808 1025 859 petit
1044 810 1168 857 urbe,
1189 809 1264 849 vel
1282 821 1384 861 agro

242 873 300 914 Se
315 874 453 927 juvet.
518 874 653 914 Hunc
675 878 827 914 contra
847 874 1024 926 placido
1042 874 1303 915 Trachinius
1326 888 1398 915 ore

241 941 432 982 Talibus
454 941 690 994 alloquitur
707 953 716 980 ε
749 939 915 980 Mediae
936 953 1109 993 quoque
1130 941 1360 981 commoda
1377 942 1498 994 plebi

243 1007 407 1049 Nostra
427 1012 590 1061 patent,
614 1007 753 1048 Peleu
771 1020 782 1056 3
814 1020 895 1048 nec
915 1006 1137 1060 inhospita
1156 1021 1287 1060 regna
1304 1011 1512 1050 tenemus.

242 1074 418 1129 Adjicis
438 1075 539 1116 huic
560 1076 704 1116 animo
725 1078 942 1115 momenta
964 1076 1174 1128 potentia,
1195 1076 1358 1116 clarum
1613 1075 1700 1118 285

244 1141 435 1192 Nomen,
459 1156 679 1197 avumque
699 1142 729 1184 J
733 1156 882 1184 ovem:
912 1155 994 1183 nec
1016 1147 1211 1196 tempora
1232 1142 1367 1196 perde
1388 1141 1636 1196 precando:

245 1210 379 1259 Quod
399 1211 531 1264 petis,
553 1223 678 1251 omne
697 1211 830 1252 feres:
861 1216 1025 1264 tuaque
1045 1210 1142 1251 haec
1164 1224 1243 1264 pro
1265 1214 1390 1263 parte
1408 1210 1569 1260 videto,

246 1275 599 1332 Qualiacumque
618 1278 758 1319 vides.
821 1278 1001 1319 Utinam
1021 1278 1202 1318 meliora
1221 1277 1414 1319 videres!

247 1414 353 1445 tudine
365 1417 396 1444 et
417 1415 527 1445 itinere
541 1416 682 1454 accessit,
698 1418 790 1455 atque
812 1415 909 1445 subiit
922 1414 1027 1445 urbem
1039 1414 1146 1454 paucis
1168 1413 1368 1454 stipantibus,
1384 1415 1415 1444 et
1430 1411 1546 1443 relictis
1557 1411 1707 1451 gregibus

246 1458 404 1505 pecudum,
421 1460 450 1487 et
465 1458 614 1487 armentis
629 1467 696 1497 quce
710 1467 810 1488 secum
826 1456 966 1493 ducebat,
993 1466 1053 1487 non
1074 1458 1162 1495 longe
1187 1466 1206 1486 a
1231 1456 1378 1487 moem'bus
1404 1455 1437 1485 ἐπ
1457 1455 1584 1486 obscura
1603 1454 1704 1490 valle5

246 1509 315 1529 cum
339 1499 475 1539 primum
497 1501 588 1530 datus
607 1503 654 1530 est
680 1501 761 1530 locus
785 1499 983 1530 conveniendi
997 1499 1093 1538 regis,
1107 1499 1270 1538 porrigens
1285 1499 1436 1529 velamina
1450 1507 1541 1528 manu
1555 1496 1703 1536 supplice,

249 1541 318 1581 quis
332 1541 374 1571 sit
397 1541 505 1581 refert,
533 1545 565 1572 et
589 1552 646 1582 quo
671 1547 770 1582 patre
793 1541 936 1581 genitus.-
962 1545 1082 1571 tantum
1108 1544 1189 1572 tacet
1212 1550 1267 1571 sua
1289 1540 1445 1581 flagitia:
1467 1543 1558 1580 atque
1575 1539 1706 1586 fingens

248 1593 370 1614 causam
385 1584 486 1622 exitii,
502 1583 602 1623 poscit
629 1587 663 1614 ut
685 1584 744 1614 sibi
769 1585 921 1614 auxilium
935 1594 999 1622 pra
993 1584 1070 1614 beat
1086 1584 1170 1614 urbis
1185 1584 1233 1614 vel
1247 1584 1330 1622 agri.
1378 1582 1562 1613 Trachinius
1576 1582 1646 1612 huic
1660 1580 1705 1612 vi—

248 1626 352 1657 cissim
369 1627 529 1665 respondet
545 1626 605 1656 leni
619 1627 725 1657 vultu:
750 1627 869 1657 Nostra
900 1625 976 1656 bona
1002 1635 1141 1656 concessa
1161 1629 1232 1656 sunt
1248 1626 1343 1656 etiam
1359 1626 1444 1656 tenui
1455 1625 1580 1665 populo,
1596 1624 1706 1662 Peleu,

248 1678 341 1708 neque
375 1669 564 1708 possidemus
596 1677 694 1707 imper
697 1678 759 1699 zum
799 1668 972 1698 barbarum.
1032 1668 1132 1698 Addis
1169 1668 1241 1698 huic
1275 1668 1372 1698 indoli
1405 1668 1525 1698 validas
1561 1667 1709 1705 rationes,

249 1720 356 1741 nomen
383 1711 514 1748 illustre,
538 1713 568 1740 et
590 1711 698 1740 Jovem
720 1720 809 1740 avum
824 1721 834 1740 :
864 1719 959 1748 neque
989 1709 1114 1740 abutere
1144 1713 1277 1749 tempore
1299 1711 1433 1740 orando:
1459 1708 1584 1739 habebis
1615 1709 1708 1748 quod·

251 1762 375 1792 cumque
398 1753 521 1792 poscis.-
545 1756 637 1792 atque
666 1754 774 1783 credas
798 1752 862 1782 haec
892 1751 1123 1792 qualiacumque
1147 1753 1247 1782 cernis
1272 1755 1327 1782 tua
1355 1761 1419 1782 esse
1438 1761 1495 1791 pro
1513 1754 1627 1791 parte:
1649 1750 1710 1781 uti-

861 1836 1096 1848 eeeeeeeeeeee

249 1889 389 1922 defendi
413 1900 513 1939 posse
532 1900 574 1921 ex
601 1901 650 1923 vs,
668 1893 741 1922 297.
744 1893 851 1922 -276
874 1891 952 1922 Hoc
973 1901 1118 1931 pecorum
1144 1891 1259 1922 Bu1·.m
1283 1894 1383 1930 putat
1407 1889 1562 1922 additum
1585 1898 1659 1920 esse
1689 1899 1710 1920 a

251 1934 368 1971 sciolo,
393 1933 449 1974 qui
467 1934 631 1965 credebat
656 1933 694 1964 τὸ
713 1933 822 1973 gregis
845 1934 878 1964 id
901 1934 1088 1974 requirere,
1111 1939 1146 1965 ut
1171 1934 1321 1965 armentis
1345 1933 1472 1974 opponi
1487 1937 1650 1973 possent.
1676 1931 1711 1962 iu

250 1976 557 2015 unoHeins.e1at‚
578 1987 669 2016 greg.
694 1987 808 2014 smum,
833 1986 906 2016 quos
929 1987 989 2007 sec.
1014 1977 1103 2018 quod
1133 1978 1250 2007 Burin.
1281 1976 1472 2016 elegantius
1497 1975 1650 2006 videtur:
1674 1973 1711 2006 in

252 2019 404 2050 Berolin.
422 2029 486 2058 pec
504 2022 533 2050 et
550 2029 627 2059 quoe.
632 2022 736 2049 —277
761 2020 865 2050 Barb.
881 2019 934 2050 sub
947 2029 1039 2059 opaco
1052 2021 1127 2051 colle
1140 2021 1194 2050 rel.
1198 2022 1303 2050 —278
1319 2019 1432 2050 Prima
1446 2018 1577 2058 recepit
1589 2017 1712 2048 Heius.

251 2071 294 2092 ex
311 2061 442 2092 duobus
464 2062 534 2092 Pal.
564 2071 615 2101 pr.
643 2063 682 2091 V.
706 2062 804 2092 Cant.
835 2061 880 2093 O.
905 2062 1066 2093 Calandr.
1091 2062 1286 2099 Graeviano‚
1309 2066 1344 2092 et
1358 2061 1474 2091 decem
1498 2061 1593 2090 aliis·
1616 2059 1709 2099 vulg.

252 2106 345 2134 tecta.
348 2107 455 2133 -279
482 2105 545 2139 Qui
571 2113 613 2134 ex
642 2104 857 2141 melioribus;
881 2104 936 2134 alii
954 2106 1032 2143 quis.
1035 2107 1141 2135 —280
1164 2105 1241 2135 Bas.
1271 2104 1374 2138 Quove
1399 2106 1459 2133 sat.
1463 2105 1566 2133 -281
1592 2101 1710 2132 Menti-

252 2149 335 2185 tusq.
353 2155 393 2175 ex
410 2157 429 2184 ι
422 2157 458 2176 r.
476 2147 563 2175 Mor
582 2146 723 2186 aliisque
742 2146 853 2176 multis
872 2146 993 2176 Heius
1011 2146 1107 2176 dedit
1125 2155 1186 2186 pro
1202 2146 1293 2185 vulg.
1318 2145 1504 2184 Mentiturq.
1509 2146 1613 2174 -282
1630 2144 1711 2174 Bas.

256 2197 342 2218 unus
359 2187 400 2218 Se
415 2198 456 2217 re
451 2188 528 2226 ipit
552 2188 643 2217 hunc.
647 2190 750 2218 —283
775 2188 905 2218 Guilius
924 2188 964 2218 ad
982 2188 1118 2218 Phaedr.
1137 2197 1190 2218 ιιι.
1210 2190 1261 2218 19.
1287 2197 1328 2217 ex
1345 2187 1429 2218 Mss.
1455 2186 1588 2226 profert
1605 2185 1713 2216 Medio

251 2239 341 2270 quoq.
364 2241 397 2260 cu
402 2240 471 2259 mn.
491 2230 624 2263 Phoebi,·
648 2235 683 2260 et
711 2230 762 2268 ips
751 2239 783 2259 e
817 2231 898 2268 legit
917 2229 1039 2260 lQhoebo
1085 2231 1176 2262 Qua.
1182 2239 1240 2259 ιιοι
1267 2230 1340 2260 libri
1369 2235 1402 2259 et
1428 2239 1480 2268 pr.
1508 2229 1598 2259 Mor.
1624 2237 1712 2269 quoq.

256 2271 367 2302 moenia
381 2273 456 2311 pler.
463 2274 566 2301 -284
590 2272 684 2301 Unus
702 2271 794 2301 Med.
808 2277 844 2301 et
862 2272 927 2301 duo
946 2272 1033 2302 Mor.
1050 2272 1168 2312 iuhosp.
1185 2276 1275 2302 tecta.
1279 2274 1384 2302 ——285
1412 2272 1573 2302 Memento
1587 2280 1630 2301 ex
1645 2279 1712 2301 uuo

255 2314 354 2345 Voss.
368 2321 401 2344 et
418 2314 524 2344 Gron.
540 2323 600 2352 pro
616 2322 685 2344 var.
698 2313 779 2343 lect.
797 2313 892 2344 dedit
910 2313 1029 2344 Heius.
1046 2325 1105 2353 pro
1123 2315 1210 2354 vulg.
1228 2317 1432 2345 monumenta.
1435 2316 1547 2344 -286
1552 2311 1712 2345 Heidelb.

255 2365 294 2387 ne
309 2359 401 2397 temp.
404 2359 507 2387 —287
538 2355 649 2386 Videto
665 2361 716 2386 est
733 2355 852 2387 Heius.
879 2356 959 2387 lect.
982 2366 1057 2387 cum
1076 2366 1129 2397 pr.
1145 2357 1219 2388 Pal.
1236 2357 1276 2388 V.
1302 2361 1337 2388 et
1361 2357 1401 2388 R.
1418 2357 1520 2388 Cant.
1534 2356 1579 2387 N.
1595 2359 1631 2387 et
1646 2354 1713 2386 Ur-

911 2463 1050 2494 NOTAE

258 2546 425 2579 hominem
457 2546 653 2584 violentum,
683 2546 778 2585 cujus
809 2550 956 2587 postmo-
1053 2549 1116 2579 283
1141 2547 1273 2589 Medioe]
1301 2547 1350 2578 Ut
1363 2546 1468 2577 multo
1484 2544 1589 2587 magis
1604 2545 1714 2577 Peleo

259 2597 338 2628 dum
355 2595 427 2627 fata
441 2595 553 2626 Poeta
568 2596 754 2627 enarrabit.
1011 2598 1153 2639 ejusque
1197 2597 1376 2629 comitibus
1415 2596 1537 2638 Ceycis
1573 2605 1714 2637 reguum

301 2650 366 2679 279
414 2647 605 2686 Velamenta]
656 2647 752 2678 Oleae
801 2647 957 2678 nimirum
1013 2655 1132 2688 patere
1151 2648 1372 2687 intelligatur.

261 2707 372 2730 ramos
395 2698 504 2728 laneis
530 2697 625 2728 vittis
650 2697 839 2737 obvolutos,
864 2698 958 2738 pacis
1055 2700 1117 2728 285
1143 2696 1244 2736 Huic]
1280 2696 1408 2728 Nostro
1421 2704 1531 2737 perse
1544 2699 1580 2727 et
1593 2697 1714 2737 sponte

261 2748 461 2790 symbolum.
1013 2748 1047 2779 in
1063 2757 1178 2779 omnes
1194 2746 1351 2788 benigno.

305 2801 369 2830 282
393 2796 590 2838 Trachinius]
619 2798 726 2839 Ceyx,
740 2797 881 2830 seilicet.
