1831 3023
514 237 986 270 METAMORPHOSEON
1021 238 1117 268 Lm.
1150 241 1215 268 vi.
1479 231 1590 274 1167

134 332 266 383 Quod
285 340 432 376 tamen
451 334 550 387 ipsa
569 334 723 383 negat:
754 333 965 384 tantaque
986 331 1153 372 offensa
1173 332 1397 384 magistra,

132 399 289 451 Certet‚
312 403 385 450 ait,
407 411 600 447 mecum3
633 397 739 437 nihil
760 401 829 437 est
850 397 970 450 quod
993 399 1112 438 victa
1135 411 1346 440 recusem.
1531 400 1590 440 25

131 467 284 509 Pallas
307 481 433 509 anum
455 465 657 506 simulat:
688 464 911 517 falsosque
932 466 975 505 in
997 470 1195 518 tempora
1215 478 1351 507 canos

130 534 284 585 Addit,
301 542 344 577 et
365 535 554 575 infirmos
575 532 736 573 baculo
758 545 931 585 quoque
954 533 1137 574 sustinet
1157 538 1289 573 artus.

129 602 242 643 Tum
262 605 326 644 sic
348 615 444 644 orsa
464 601 607 654 loqui:
642 598 745 639 Non
766 601 910 640 omnia
928 599 1133 650 grandior
1155 604 1281 649 aetas,

131 668 246 719 Quae
268 670 499 724 fugiamus,
521 668 679 708 habet:
711 667 819 706 seris
841 668 960 707 venit
983 679 1089 707 usus
1115 668 1170 707 ab
1192 667 1331 708 annis.

129 735 371 778 Consilium
390 750 443 778 ne
465 749 620 790 sperne
642 748 798 775 meum.
861 734 963 775 Tibi
986 735 1104 775 fama
1127 738 1302 789 petatur
1531 734 1589 776 30

129 802 246 844 Inter
266 805 470 845 mortales
490 803 702 844 faciendae
724 804 920 844 maxima
940 804 1067 844 lanae.

127 868 248 911 Cede
269 871 380 913 Deae
399 886 408 913 :
442 872 696 925 veniamque
717 871 803 912 tuis
824 873 1052 912 temeraria
1074 871 1204 912 dictis

126 937 340 992 Supplice
362 952 473 980 voce
495 952 625 990 roga:
658 939 829 979 veniam
852 938 975 979 dabit
997 939 1073 979 illa
1092 938 1279 991 roganti,

125 1003 302 1058 Aspicit
323 1007 433 1046 hanc
453 1007 604 1056 torvis,
626 1007 885 1060 inceptaque
906 1005 981 1046 fila
1003 1006 1231 1059 relinquit3

125 1071 305 1126 Vixque
325 1087 503 1115 manum
523 1075 726 1124 retinens,
749 1074 1046 1128 confessaque
1069 1074 1268 1114 vultibus
1289 1073 1416 1124 iram,
1530 1073 1587 1115 35

124 1140 310 1182 Talibus
332 1143 562 1183 obscuram
583 1146 785 1184 resecuta
805 1148 872 1184 est
894 1142 1083 1183 Pallada
1106 1142 1233 1182 dictis
1251 1155 1260 1182 :

126 1207 289 1249 Mentis
310 1210 452 1263 inops,
475 1211 689 1263 longaque
707 1212 831 1251 venis
855 1210 1061 1251 confecta
1083 1214 1258 1250 senecta
1276 1222 1286 1252 ε

125 1275 178 1315 Et
201 1276 377 1316 nimium
399 1277 566 1317 vixisse
588 1276 661 1317 diu
681 1282 826 1317 nocet.
888 1277 1058 1317 Audiat
1079 1277 1201 1324 istas,

124 1341 171 1382 Si
194 1357 281 1396 qua
301 1344 379 1383 tibi
402 1357 533 1383 nurus
554 1348 633 1392 est,
655 1345 691 1383 si
712 1356 800 1396 qua
821 1348 888 1384 est
909 1344 988 1383 tibi
1011 1342 1117 1390 filia,
1140 1354 1275 1382 voces
1296 1355 1304 1381 :

121 1465 222 1492 tamen
236 1462 302 1502 ipsa
318 1463 481 1504 diffitetur,
497 1466 526 1492 et
553 1463 625 1492 laesa
652 1465 742 1492 tanta
759 1462 922 1500 magistra,
948 1461 1135 1496 Contendat,
1153 1460 1266 1501 inquit,
1280 1469 1395 1490 mecum
1410 1470 1420 1496 ;
1444 1460 1523 1490 nihil
1539 1463 1583 1491 est

120 1505 198 1544 quod
213 1504 357 1543 abnuam,
373 1505 523 1545 siquidem
537 1505 692 1535 discedam
706 1503 848 1541 inferior.
896 1504 1043 1535 Minerva
1060 1503 1208 1534 imitatur
1225 1513 1330 1540 anum,
1347 1506 1437 1542 atque
1452 1503 1584 1534 assumit

109 1546 206 1588 fictos
220 1557 310 1578 canos
324 1548 354 1577 in
372 1550 521 1587 tempora,
543 1550 571 1578 et
580 1547 680 1584 fulcit
694 1557 809 1588 quoque
824 1546 938 1577 debilia
953 1546 1088 1577 membra
1105 1547 1250 1586 scipione.
1302 1546 1378 1576 Tum
1403 1546 1448 1575 sic
1465 1545 1581 1585 occepit

119 1590 201 1630 loqui
210 1601 219 1620 .-
243 1590 336 1621 AEtas
349 1591 522 1630 prorectior
537 1600 596 1620 non
611 1589 701 1621 habet
716 1591 818 1620 omnia
845 1599 912 1630 quae
928 1590 998 1620 odio
1011 1589 1197 1625 habeamus;
1220 1588 1415 1628 experientia
1431 1589 1531 1619 oritur
1546 1588 1584 1618 ab

119 1632 210 1663 annis
221 1633 349 1663 ultimis.
398 1633 448 1663 Ne
474 1636 650 1663 contemnas
676 1642 773 1663 meum
800 1632 961 1663 monitum.
1010 1633 1122 1668 Quoere
1147 1632 1203 1662 tibi
1220 1631 1342 1662 laudem
1366 1631 1535 1662 maximam
1551 1631 1584 1661 in

119 1675 288 1715 subigenda
304 1677 373 1705 lana
390 1675 472 1706 inter
503 1677 667 1706 mortales:
691 1677 761 1707 ccde
777 1676 853 1706 Deae
864 1687 874 1705 :
898 1678 928 1706 et
944 1675 1077 1706 nimium
1092 1675 1196 1705 audax
1211 1684 1263 1705 ora
1280 1674 1380 1705 verbis
1395 1674 1585 1715 supplicibus

119 1721 155 1748 nt
171 1720 309 1758 ignoscat
335 1719 617 1749 111isserm0nilms:
648 1719 703 1749 illa
726 1719 864 1758 ignoscet
888 1718 1002 1749 oranti.
1050 1718 1196 1748 Intuetur
1218 1717 1295 1747 lianc
1322 1716 1451 1754 infensis
1475 1717 1583 1753 oculis,

119 1764 211 1801 atque
226 1760 411 1801 owittitfila
429 1761 590 1796 inchoatru
613 1765 643 1791 et
659 1771 741 1799 oegre
758 1770 948 1800 compescens
973 1770 1093 1798 manus,
1119 1764 1150 1790 et
1162 1761 1295 1799 prodens
1310 1760 1389 1789 iram
1403 1769 1466 1796 ore,
1480 1769 1583 1799 prose-

120 1807 190 1833 cuta
207 1807 250 1834 est
269 1803 381 1844 fictam
399 1803 573 1834 Minervam
589 1804 760 1841 hujusmodi
776 1804 914 1833 oratione
928 1814 937 1832 :
966 1804 1082 1833 Amens
1097 1804 1183 1840 ades,
1208 1805 1239 1832 et
1255 1801 1407 1832 exhausta
1423 1801 1520 1831 nimia
1535 1811 1583 1832 se-

121 1849 220 1885 necta,
238 1849 267 1876 et
281 1846 362 1876 obest
379 1845 498 1876 diutins
513 1846 637 1876 vixisse.
684 1846 720 1876 Si
735 1855 824 1886 quam
842 1845 935 1876 habes
949 1854 1071 1885 nurum,
1092 1846 1119 1875 si
1135 1854 1227 1885 quam
1242 1843 1334 1874 habes
1339 1844 1457 1884 filiam,
1473 1843 1583 1874 audiat

732 1940 963 1950 moenem

119 2006 170 2035 bat
199 2014 282 2035 innuis
305 2004 454 2039 ἀπώσω
487 2005 594 2036 Gron.
622 2005 866 2044 vergebat—24
894 2006 987 2037 Leid.
1011 2005 1072 2036 Sed
1096 2007 1260 2036 tam—26
1286 2003 1446 2034 Heidelb.
1469 2004 1582 2043 salsos,

115 2048 237 2079 omissa
253 2048 386 2087 copula.
412 2047 559 2079 Quidam
586 2048 626 2077 ad
652 2051 745 2088 temp.
772 2048 867 2078 Med.
894 2058 990 2087 unus,
1008 2048 1129 2084 etalii,
1154 2048 1184 2077 in
1202 2049 1431 2086 tempora—25
1457 2045 1579 2077 Urbin.

117 2090 226 2121 debilis
241 2093 411 2120 ‹eta—31
442 2090 508 2120 Pro
526 2090 614 2128 vulg.
638 2091 717 2120 lanae
743 2090 839 2120 multi
858 2090 966 2122 Codd.
988 2092 1157 2121 teian—34
1181 2089 1309 2130 Sprotii
1326 2094 1361 2119 et
1379 2089 1462 2119 alins
1480 2089 1581 2128 incep-

119 2136 218 2173 taque.
245 2133 325 2164 Lov.
343 2138 376 2163 et
400 2142 482 2163 nnus
506 2141 547 2162 ex
571 2132 650 2162 Bas.
669 2132 733 2174 fila
762 2133 896 2171 remisit,
924 2133 1013 2173 qnod
1041 2142 1138 2173 a‘qne
1165 2132 1287 2163 bonnm
1308 2131 1442 2172 judicat
1462 2130 1581 2162 Hcins.

116 2176 183 2207 Sed
207 2176 320 2207 Burin.
339 2181 446 2214 notat,
462 2175 643 2205 discrimen
661 2185 734 2206 esse
747 2176 836 2206 inter
851 2176 923 2207 haec
936 2176 1003 2206 duo
1018 2186 1025 2214 ;
1049 2176 1208 2206 remittere
1224 2175 1313 2206 enim
1331 2175 1440 2205 locum
1454 2173 1580 2204 habere

118 2224 200 2256 tuin,
215 2227 291 2249 cum
308 2218 409 2249 animi
427 2217 572 2259 quiadam
585 2216 779 2257 affectione,
795 2219 957 2258 languore
975 2223 1033 2249 ant
1049 2218 1148 2249 simili
1165 2227 1259 2256 casu,
1275 2227 1316 2248 ex
1332 2227 1430 2248 mauu
1450 2216 1579 2257 aliquid

117 2261 238 2299 cadam
260 2263 432 2301 relinquere
450 2270 529 2291 vero
545 2260 626 2299 dici,
642 2271 718 2292 cuin
736 2266 858 2302 sponte
875 2267 911 2293 et
925 2262 1078 2293 volentes
1095 2261 1287 2292 desinamus
1305 2269 1400 2301 oan.
1418 2258 1579 2290 Heidelb.

116 2303 337 2344 reliquit.—3⁷
362 2303 526 2336 Nonnulli
552 2304 713 2345 tardaque,
741 2305 793 2336 vel
817 2305 953 2346 gelidaq.
978 2304 1128 2336 Berolin.
1155 2313 1230 2335 cum
1259 2313 1325 2334 uno
1349 2303 1436 2334 Mor.
1460 2302 1579 2342 defessa

774 2410 918 2443 NOTAE

158 2490 200 2519 20
222 2487 309 2518 Seria
334 2486 433 2527 venit]
455 2486 555 2520 Quod
584 2487 730 2517 maxime
759 2486 817 2517 im·
873 2491 926 2518 ret
943 2492 977 2519 ct
995 2488 1184 2518 vacillaret.

117 2538 234 2578 peritis
260 2543 295 2569 et
324 2537 513 2569 temerariis
541 2536 815 2568 adolescentibus
914 2541 956 2569 36
991 2537 1176 2577 Obscurum]
1225 2537 1294 2567 Sul)
1327 2536 1450 2567 vetula.-
1482 2535 1574 2565 larva

117 2589 326 2626 ιιοῑιιιάυπις
374 2589 430 2630 qni
475 2589 528 2618 vix
571 2594 682 2619 tamen
714 2588 816 2625 alind,
873 2590 1046 2620 latentem.

117 2647 216 2679 quam
232 2639 322 2680 quod
348 2648 407 2669 sno
432 2639 552 2670 damno
579 2639 727 2679 experti,
745 2649 816 2670 cre·
914 2643 955 2670 38
982 2640 1093 2680 Nocet]
1119 2639 1269 2670 Deliram
1289 2637 1372 2668 dicit
1391 2635 1550 2666 vetulam.

116 2689 214 2727 dunt,
242 2688 328 2720 benc.
355 2692 561 2721 monentium
587 2700 703 2722 senum
732 2701 815 2731 prae-
914 2689 1010 2730 Istas]
1027 2690 1182 2730 IneptaS,
1199 2685 1474 2728 scilicet,quibus
1492 2682 1572 2715 mihi

116 2746 219 2782 cepta
236 2741 375 2781 perinde
400 2747 619 2773 contemnunt
642 2752 681 2773 ac
707 2742 732 2773 si
761 2752 816 2773 vc·
869 2751 954 2783 opus
972 2751 1036 2773 non
1054 2747 1117 2773 est.

116 2791 199 2823 ritas
216 2801 282 2822 una
298 2790 520 2823 camillorum
535 2791 676 2824 artubus
693 2795 814 2824 treme-
