1831 3023
505 179 976 213 METAMORPHOSEON
1011 181 1108 213 ΜΒ.
1142 183 1194 213 x.
1465 173 1578 216 1449

125 275 270 326 Quale
288 290 446 326 meum,
466 275 536 316 vel
554 273 685 327 quale
704 276 843 323 tuum,
866 275 904 315 si
925 274 1108 316 foemina
1127 275 1210 316 fias
1228 290 1240 327 ;

124 341 392 397 Obstupuit:
422 343 665 395 tollensque
687 354 861 392 manuS,
884 341 1122 396 Ignoscite,
1146 343 1274 393 dixit,
1493 341 1579 383 580

125 408 252 459 Quos
273 409 406 451 modo
426 408 630 462 culpavi:
663 408 857 449 nondum
873 409 979 449 mihi
1001 411 1185 463 praemia
1200 414 1320 460 nota,

123 473 237 524 Quae
259 476 478 530 peteretis,
500 478 636 516 erant.
698 475 942 517 Laudando
963 478 1161 530 concipit
1175 477 1348 530 ignem3

121 541 191 592 Et,
213 556 266 583 ne
286 543 386 597 quis
402 543 610 597 juvenum
633 547 779 583 currat
798 543 1011 592 velocius,
1033 548 1176 597 optat,

122 609 383 664 Invidiaque
401 612 539 652 timet.
600 609 692 651 Sed
711 623 787 651 cur
807 611 1057 651 certaminis
1075 611 1204 666 hujus

120 676 346 718 Intentata
364 678 469 718 mihi
487 677 659 717 fortuna
678 676 972 730 relinquitur?
1004 677 1161 731 inquit.
1486 674 1574 718 585

117 743 342 785 Audentes
364 744 488 785 Deus
509 745 607 797 ipse
620 745 762 800 juvat.
826 744 945 785 Dum
963 744 1067 786 talia
1089 757 1239 786 seeum

118 809 267 861 Exigit
289 811 616 866 Hippomenes,
638 824 776 865 passu
800 811 922 852 volat
942 811 1046 852 alite
1066 812 1201 866 virgo.

117 876 231 928 Quae
253 891 501 932 quanquam
523 879 730 933 Scythica
751 892 840 920 non
862 879 1008 919 secius
1029 879 1090 919 ire
1109 881 1268 933 sagitta

116 944 262 986 Aonio
283 946 380 987 visa
401 951 468 987 est
481 947 656 1000 juveni;
689 953 832 988 tamen
851 947 924 986 ille
945 946 1145 991 decorem

116 1011 305 1054 Miratur
324 1015 486 1066 magis:
517 1017 559 1055 et
580 1026 736 1054 cursus
756 1013 862 1054 facit
881 1013 980 1066 ipse
1002 1013 1219 1054 decorem.
1490 1011 1575 1052 590

117 1078 242 1122 Aura
261 1080 390 1122 refert
413 1081 567 1122 oblata
588 1081 690 1121 citis
711 1081 866 1122 talaria
888 1080 1047 1133 plantis
1065 1094 1073 1121 :

114 1147 345 1202 Tergaque
361 1148 586 1202 jactantur
608 1148 751 1189 crines
772 1160 846 1202 per
864 1148 1068 1197 eburnea,
1091 1159 1277 1201 quaeque

115 1214 374 1268 Poplitibus
396 1217 599 1257 suberant
619 1215 743 1269 picto
765 1215 968 1266 genualia
987 1214 1125 1255 limbo
1144 1228 1153 1255 ε

115 1281 256 1336 Inque
276 1284 461 1337 puellari
483 1295 648 1336 corpus
670 1282 861 1323 candore
882 1282 1085 1322 ruborem

111 1423 160 1454 vel
172 1423 261 1463 quale
277 1426 363 1454 tuum
376 1423 405 1454 si
419 1422 549 1454 muteris
564 1423 596 1453 in
609 1423 755 1464 puellam,
772 1422 924 1454 attonitus
940 1426 983 1454 est
995 1433 1007 1460 ;
1030 1425 1059 1454 et
1075 1423 1202 1454 tendens
1218 1431 1336 1461 manas,
1361 1422 1503 1463 Parcite,
1527 1423 1575 1454 in·

109 1466 188 1506 quit,
214 1475 287 1506 quos
310 1467 397 1496 modo
420 1466 587 1496 damnari.-
611 1475 735 1505 merces,
760 1475 851 1506 quam
865 1466 1033 1506 cuperetis,
1056 1466 1189 1496 naiadum
1204 1468 1272 1496 erat
1289 1465 1368 1496 mihi
1391 1465 1575 1506 perspecta?

112 1508 276 1539 Probanda
290 1508 432 1539 admittit
449 1510 608 1547 Amorem,
633 1512 724 1548 atque
739 1508 824 1549 cupit
839 1519 876 1540 ne
891 1508 1114 1549 ‹laisjai-enum
1129 1511 1235 1539 currat
1250 1509 1393 1548 celerius,
1409 1512 1440 1540 et
1463 1509 1574 1540 metuit

110 1561 175 1591 proe
189 1551 296 1582 livore.
347 1551 472 1590 Verum,
487 1551 546 1591 ait,
557 1552 753 1591 quamobrem
767 1561 833 1582 sors
847 1552 936 1590 hujus
946 1551 1126 1582 certaminis
1137 1561 1156 1582 a
1169 1560 1214 1582 me
1229 1551 1387 1582 omittitur
1399 1551 1574 1591 inexperta.

111 1593 200 1625 Deus
214 1594 279 1634 ipse
293 1594 412 1624 aua-itio
427 1597 472 1625 est
486 1593 663 1624 audacibus.
708 1594 794 1625 Dum
807 1594 1017 1634 Hippomenes
1032 1595 1111 1625 talia
1125 1603 1225 1624 secum
1238 1594 1345 1633 volvit,
1358 1595 1462 1634 puella
1474 1597 1576 1625 trans-

111 1637 211 1668 currit
221 1645 330 1675 greuu
344 1637 440 1666 alato.
488 1636 567 1671 Quae
588 1636 725 1676 quamvis
740 1636 806 1666 risa
821 1641 865 1667 est
881 1647 939 1667 vion
956 1637 1050 1667 aliter
1066 1635 1150 1674 ferri
1174 1646 1265 1676 quam
1281 1637 1375 1667 telum
1391 1636 1574 1677 Scythicum

115 1678 328 1715 Aoniujuceni
341 1689 352 1714 ,·
374 1682 476 1709 tamen
492 1679 544 1709 ille
558 1679 659 1717 nugis
672 1681 774 1718 stupet
790 1679 823 1708 in
841 1678 994 1716 formosa,
1016 1681 1046 1709 et
1061 1688 1168 1709 cursus
1190 1679 1257 1718 ipse
1271 1679 1375 1709 reddit
1389 1679 1573 1716 formosam.

119 1720 235 1751 Ventus
249 1730 408 1751 occurrens
430 1721 545 1751 levibus
556 1721 686 1760 pedibus
713 1719 859 1758 retrofert
886 1722 1020 1757 talaria;
1042 1724 1071 1751 et
1087 1721 1193 1760 capilli
1212 1719 1349 1760 fluitant
1369 1731 1426 1760 per
1449 1722 1574 1751 dorsum

113 1763 288 1803 eburneam,
302 1763 432 1803 itemque
444 1763 591 1802 genualia
606 1773 674 1803 qua·
689 1762 835 1794 suberant
847 1762 1014 1804 poplitibus
1030 1763 1204 1794 tersit-olori
1211 1762 1316 1800 fascia
1327 1774 1337 1793 .-
1359 1766 1450 1804 atque
1464 1773 1576 1804 corpus

731 1859 805 1871 ouo
809 1859 963 1871 coenove«-

114 1921 297 1960 Codajuv.
312 1924 491 1954 condemnat
507 1934 568 1955 am.
587 1929 655 1955 tres
667 1923 833 1955 damnabat
846 1934 856 1959 ,-
871 1933 929 1954 sex
944 1923 1219 1955 damnatit.-—582
1230 1923 1323 1954 Unus
1337 1923 1414 1954 Bas.
1429 1923 1508 1958 Quae
1520 1931 1573 1963 pe-

113 1968 263 1996 terentur.
288 1965 438 1996 Berolin.
455 1968 538 1998 laud.
555 1971 584 1998 et
601 1977 684 1998 conc.
701 1967 799 1997 Tunc
815 1967 916 2004 ignem
933 1966 1103 2004 meliores,
1121 1971 1210 1997 teste
1227 1966 1347 1997 Heius.
1365 1966 1455 2005 vulg.
1472 1965 1572 2003 ignes.

112 2009 217 2037 —584
242 2007 395 2048 Invidiaq.
410 2009 499 2039 timet
517 2014 569 2040 est
593 2018 611 2040 e
629 2009 716 2049 conj.
737 2009 889 2048 Mycilli;
913 2009 1004 2049 vulg.
1032 2009 1217 2048 Invidiamq.
1248 2008 1368 2039 Heius.
1385 2007 1472 2047 conj.
1488 2007 1572 2037 Invi-

112 2049 224 2089 diaque
239 2050 369 2081 timens.-
392 2050 434 2082 Ο.
458 2057 495 2082 et
520 2056 664 2092 quatuor
685 2050 743 2082 alii
768 2051 983 2090 Invidiamque
1007 2053 1114 2086 tenet,·
1138 2051 1227 2081 uude
1255 2051 1371 2081 Burm.
1389 2048 1574 2089 Invidiaque

111 2094 325 2124 tumet—585
350 2093 429 2124 Bas.
449 2094 628 2134 Intercepta
642 2094 717 2124 mih.
736 2093 824 2124 unde
840 2093 962 2124 Heius.
978 2091 1129 2124 faciebat
1146 2094 1462 2133 Impercepta.—-586
1477 2090 1574 2123 Leid.

114 2138 150 2165 et
164 2134 243 2165 Pal.
257 2136 398 2167 Audaces
416 2136 456 2167 D.
469 2135 563 2168 Med.
581 2146 666 2167 unus
681 2136 956 2167 Audacem—588
978 2134 1087 2166 Secius
1102 2139 1154 2166 est
1172 2146 1190 2166 e
1209 2135 1361 2176 plurimis
1375 2135 1460 2165 Mss.
1480 2133 1572 2174 vulg.

111 2176 366 2216 segnium-589.
389 2181 453 2210 690
477 2180 520 2210 D.
536 2178 655 2210 Heius.
673 2179 787 2219 placet
805 2178 946 2208 aliorum
963 2178 1085 2209 lectio:
1115 2181 1218 2209 tamen
1234 2179 1285 2209 ille
1300 2177 1418 2208 decoris
1434 2176 1574 2208 Mirator

113 2219 215 2258 nugis
239 2223 307 2256 m,-
327 2230 434 2251 cursus
451 2221 537 2258 jacit
563 2221 631 2261 ipsa
658 2222 804 2252 decorem.
829 2221 932 2251 Multi
961 2225 1055 2251 certe
1083 2225 1166 2252 vett.
1186 2220 1271 2259 fucit
1298 2220 1362 2261 ipse
1376 2221 1571 2251 decoram.—

111 2264 172 2292 591
201 2261 315 2293 Oblata
344 2272 385 2293 ex
411 2263 562 2303 plurimis
604 2263 713 2295 Codd.
745 2264 835 2304 vulg.
859 2263 984 2294 ablata:
1023 2263 1183 2294 Heidelb.
1214 2264 1428 2294 allata.—592
1453 2260 1570 2293 Codex

113 2303 272 2337 Menard.
288 2310 324 2337 et
341 2310 410 2337 tres
425 2306 492 2346 alii,
502 2306 638 2347 collaque
650 2317 663 2344 ‚·
685 2306 732 2338 sic
747 2305 826 2338 Art.
849 2314 906 2338 ιιι.
921 2308 996 2337 236.
1020 2307 1029 2323 ‘
1046 2304 1138 2338 fusos
1155 2316 1216 2347 per
1228 2307 1316 2338 colla
1328 2305 1491 2346 capillos,’
1512 2304 1571 2336 ubi

773 2412 912 2445 NOTAE

155 2487 219 2516 ⁵⁷9
243 2486 332 2528 Fun]
355 2486 502 2518 Adonim
527 2487 644 2518 Venus
673 2486 813 2528 alloqui·
910 2490 974 2518 589
997 2487 1113 2528 Aonio]
1137 2487 1316 2518 Boeotico:
1343 2493 1486 2525 namque
1503 2483 1570 2514 Ao-

117 2539 182 2566 tur.
867 2536 926 2568 nia
942 2537 1036 2569 dicta
1058 2542 1112 2568 est
1135 2537 1274 2568 Boeotiae
1291 2535 1385 2575 regio
1402 2538 1573 2564 montana.

156 2587 220 2616 588
243 2586 407 2626 Scythica]
449 2587 558 2619 Quam
583 2587 719 2627 Scythae
748 2587 814 2619 Eu·
869 2587 1058 2619 Boeoticum
1075 2593 1188 2619 autem
1205 2586 1307 2617 fuisse
1321 2584 1573 2624 Hippomenen:

116 2646 209 2676 ropve
234 2637 384 2679 itemque
402 2637 490 2670 Asiae
518 2638 636 2679 populi
658 2638 812 2679 Septem-
867 2637 900 2669 in
917 2638 1140 2680 sequentibus
1158 2636 1302 2677 patebit.

114 2687 272 2719 trionalea
297 2688 451 2720 maximin
471 2689 598 2722 viribus
623 2694 659 2721 et
685 2699 814 2722 summa
910 2692 970 2720 591
997 2688 1137 2729 Talaria]
1160 2687 1208 2718 Ut
1234 2686 1342 2717 alato·
1361 2683 1497 2716 calceos
1518 2683 1567 2715 in-

113 2743 186 2770 ette
202 2738 312 2770 solent
325 2738 493 2771 emittere.
869 2739 1013 2780 telligu.
