1831 3023
549 215 1021 251 METAMORPHOSEON
1055 216 1158 247 mn.-
1186 219 1289 250 vm.
1533 211 1645 254 1333

192 315 396 358 Baucida
416 313 655 368 conspexit
675 311 822 352 senior
843 311 1041 352 frondere
1061 310 1303 353 Philemon.
1562 315 1648 356 715

191 382 380 437 Jamque
404 395 536 436 super
556 379 726 432 gelidos
745 382 969 420 crescente
986 380 1216 420 cacumine
1239 379 1423 429 vultus,-

193 450 365 499 Mutua,
388 451 488 490 dum
510 448 650 497 licuit,
670 447 907 488 reddebant
926 447 1070 497 dicta3
1101 446 1320 500 Valeque,

193 517 231 558 Ο
252 519 434 572 conjux,
455 516 609 556 dixere
630 515 775 565 simul,
797 515 926 555 simul
950 514 1101 555 abdita
1122 515 1237 556 texit

191 584 282 626 Ora
299 586 455 625 frutex.
518 582 726 623 Ostendit
746 582 887 623 adhuc
909 582 1134 636 Tyaneius
1152 582 1245 623 illic

193 651 350 692 Incola
369 651 422 691 de
443 651 615 704 gemina
633 650 804 691 vicinos
827 651 983 690 arbore
1006 655 1194 691 truncos.
1563 648 1647 690 720

192 718 308 760 Haec
328 718 432 758 mihi
453 730 537 758 non
559 717 660 758 vani
679 715 841 770 (neque
859 721 953 758 erat
974 730 1051 758 cur
1067 717 1215 757 fallere
1235 715 1416 771 vellent)

191 785 435 826 Narravere
455 797 599 825 senes.
661 783 877 837 Equidem
905 784 1145 837 pendentia
1167 784 1257 825 vidi

191 852 315 892 Serta
335 864 463 905 super
482 864 650 892 ramos:
685 863 941 905 ponensque
960 853 1167 903 recentia,
1189 852 1297 902 dixi,

190 917 306 960 Cura
325 920 391 972 pii
411 919 497 960 Dis
518 922 636 970 sunt,
657 923 714 969 et,
738 919 813 973 qui
835 920 1026 969 coluere,
1050 920 1266 960 coluntur.

445 1120 564 1162 ΕΑΒ.
595 1120 662 1161 Χ,
725 1120 912 1162 Proteus
943 1120 987 1160 in
1014 1119 1161 1160 varias
1194 1118 1398 1172 Figuras.

188 1228 382 1261 Acamans
396 1230 487 1262 inter
502 1231 617 1270 epulas
633 1231 778 1271 Theseo,
792 1240 892 1271 quem
910 1235 1092 1271 receperat
1104 1230 1266 1271 hospitio,
1281 1239 1441 1260 enarrans
1454 1229 1526 1268 hos,
1541 1227 1597 1269 qni
1613 1235 1649 1259 se

231 1281 264 1312 in
282 1282 426 1313 alienam
443 1283 584 1323 figuram
597 1283 793 1320 vertissent,
807 1283 967 1314 emiranti
979 1293 1077 1314 casus
1091 1283 1295 1321 mortalium,
1309 1282 1476 1322 etiamqui
1490 1282 1522 1312 in
1535 1280 1651 1321 plures

232 1334 355 1376 figuras
383 1336 554 1373 abierunt,
572 1335 693 1375 refert,
709 1341 747 1367 ut
770 1336 916 1375 Protea,
932 1336 1088 1376 Neptuni
1117 1335 1235 1374 filium,
1251 1335 1386 1366 solitum
1408 1333 1510 1365 modo
1536 1333 1570 1364 in
1592 1333 1650 1374 ju—

232 1398 364 1428 venem,
386 1390 487 1420 modo
511 1390 544 1420 in
569 1390 717 1428 leonem,
745 1389 916 1420 interdum
933 1389 967 1419 in
991 1398 1123 1429 aprum,
1146 1389 1226 1420 alias
1251 1389 1284 1419 in
1308 1392 1516 1429 anguen1‚et
1531 1392 1650 1419 cetera

231 1443 389 1474 animalia
405 1442 572 1482 converti,
589 1442 712 1484 quibus
729 1441 866 1473 insidias
883 1447 1000 1482 posset
1014 1441 1166 1474 eludere.

190 1529 495 1587 Dsssfflssxr:
517 1549 786 1600 cunctosque
809 1551 855 1586 et
873 1558 942 1586 res
964 1550 1008 1586 et
1025 1550 1223 1586 moverat
1245 1549 1420 1586 auctor:
1564 1544 1651 1586 7⁶25

188 1653 523 1693 monemsrondescere,
554 1653 716 1685 Philemon
743 1663 836 1685 senex
853 1653 1037 1684 Bam-idem.
1083 1654 1214 1693 Jamque
1233 1653 1372 1693 fastigio
1394 1656 1548 1685 crescente
1560 1663 1652 1695 super

190 1697 347 1737 utriusque
363 1696 496 1735 faciem,
523 1700 643 1726 mutuos
666 1696 894 1727 commutabant
918 1705 1084 1734 sermones,
1099 1697 1169 1726 dum
1195 1697 1306 1732 licuit,·
1329 1700 1359 1726 et
1382 1697 1532 1727 dixerunt
1546 1696 1652 1735 simul,

196 1735 270 1770 VaIe
284 1747 418 1776 consors,
443 1739 535 1768 simul
550 1738 640 1768 arbor
652 1738 781 1769 obduxit
798 1749 853 1769 ora
867 1739 1000 1768 condita.
1046 1739 1151 1769 Incola
1165 1738 1321 1778 Tyaneius
1333 1738 1377 1768 ibi
1389 1739 1488 1769 adhuc
1499 1742 1651 1769 monstrat

193 1781 314 1821 stipites
326 1781 512 1821 propinquos
538 1780 649 1811 factos
665 1791 704 1812 ex
719 1781 836 1812 duobus
856 1780 1043 1820 corporibus.
1089 1780 1185 1811 Senes
1200 1791 1387 1820 nequaquam
1403 1781 1561 1812 mendaces
1575 1780 1652 1811 mihi

193 1825 252 1854 ista
267 1824 439 1854 retulerunt
453 1834 462 1852 .·
488 1833 580 1863 neque
596 1826 662 1853 erut
676 1833 732 1853 cur
753 1824 864 1854 vellent
888 1823 1027 1854 mentiri.
1076 1823 1230 1863 Equidem
1253 1823 1318 1853 ridi
1339 1824 1470 1854 corollas
1483 1823 1651 1863 pendentes

192 1877 229 1896 tx
242 1866 354 1902 ramim
370 1869 462 1905 atque
477 1866 606 1907 affigens
622 1876 714 1896 'uocas
741 1866 824 1903 dixi,
843 1866 899 1896 Ph
924 1869 994 1896 sunt
1021 1875 1103 1896 συν-ιε
1127 1866 1214 1904 Diis,
1241 1869 1270 1896 et
1287 1866 1339 1905 qui
1354 1875 1411 1896 eos
1426 1866 1651 1896 honorarerunt

192 1910 392 1939 :mam-antur.

235 1960 270 1983 x.
294 1951 501 1987 Aluan-eram
523 1954 552 1981 et
567 1950 692 1988 suctum
719 1955 749 1982 ct
773 1951 847 1991 ejus
873 1960 964 1981 causa
980 1960 1082 1982 omnes
1097 1950 1247 1990 tetigerat
1260 1961 1271 1987 ;
1290 1951 1466 1991 proesercim
1483 1951 1628 1982 Theseum
1639 1961 1652 1987 ;

799 2034 1036 2045 ooooooooooo

191 2089 252 2120 bns
285 2088 432 2128 Ciofani,
461 2089 579 2125 Statii,
616 2093 650 2120 et
679 2089 815 2120 Caelest.
848 2089 1157 2119 Narrassent.—716
1196 2088 1326 2119 Getides
1353 2098 1395 2119 ex
1424 2089 1504 2120 Jun.
1532 2089 1650 2121 Bnrm.

190 2132 365 2172 amplexus
407 2137 459 2163 est
501 2141 564 2172 pro
602 2132 694 2170 vulg.
731 2132 885 2170 geminos,
922 2129 1010 2172 quod
1051 2139 1128 2161 mox
1176 2131 1354 2171 repetitur.
1369 2134 1486 2162 —719
1518 2133 1527 2148 ⁴
1546 2133 1651 2164 Certe

190 2180 349 2216 suspecta
364 2174 438 2206 haec
455 2184 534 2213 vox,
553 2174 722 2214 Tyanam,
738 2174 818 2214 quia
832 2174 949 2214 Tyana
964 2172 1062 2203 nimis
1080 2177 1209 2204 remota
1225 2183 1243 2203 a
1255 2173 1425 2214 Phrygia:
1441 2183 1550 2215 neque
1570 2175 1651 2216 qnid

189 2226 350 2258 reponam
376 2217 511 2248 babeo:
535 2216 594 2247 sed
623 2221 661 2248 ut
688 2217 857 2247 acutiores
888 2220 1072 2247 exerceant
1100 2225 1149 2254 se,
1180 2216 1340 2247 indicabo
1358 2217 1466 2247 varias
1495 2217 1651 2249 codicum

194 2260 370 2298 lectiones,
386 2261 418 2291 in
443 2259 563 2301 quibus
579 2264 643 2296 est,
669 2258 809 2298 Firmius,
838 2259 994 2295 Trinius,
1013 2258 1180 2299 Thineymx,
1209 2259 1368 2296 Thineius,
1387 2259 1525 2300 Cineius,
1544 2260 1650 2292 Tirin-

190 2303 286 2342 tlu'us,
304 2302 486 2339 Tirinctius,
504 2302 662 2340 Chineiusr,
681 2301 858 2342 Tyreneus.’
897 2302 953 2332 Sic
971 2302 1195 2332 Binum—720
1214 2301 1300 2333 Edd.
1313 2303 1403 2342 vulg.
1425 2303 1463 2333 de
1476 2304 1600 2342 gemino
1622 2315 1652 2335 v.

189 2355 336 2386 corpore;
360 2355 444 2376 nnus
456 2345 498 2376 V.
519 2345 556 2375 de
569 2345 688 2379 meda»,-
711 2345 797 2375 alter
813 2345 854 2376 V.
872 2344 985 2383 Statii,
1001 2348 1036 2375 et
1053 2354 1137 2374 unus
1151 2344 1283 2375 Ciofani
1299 2347 1337 2376 de
1349 2345 1475 2384 gemina
1490 2346 1651 2377 arbore.—

191 2391 251 2420 721
270 2388 336 2419 ΑΙίἰ
352 2399 405 2419 nec
421 2398 481 2428 pro
499 2397 602 2427 neque.
626 2387 665 2417 ln
683 2397 748 2417 nno
768 2387 862 2418 Med.
879 2397 931 2418 nec
946 2390 1034 2418 erant
1050 2386 1294 2427 wifam—724
1307 2388 1361 2418 Sic
1380 2388 1499 2418 Heius.
1515 2388 1649 2420 emend.

193 2441 267 2462 nam
284 2432 415 2461 variant
435 2429 542 2461 Codd.
561 2431 645 2459 Pura
663 2430 725 2460 Dei
741 2430 798 2460 Dic·
814 2434 885 2461 sunt
903 2431 934 2460 in
953 2440 1016 2460 nno
1037 2429 1131 2460 Med.
1160 2431 1193 2460 in
1210 2440 1275 2461 nno
1293 2430 1414 2461 Heius.
1446 2431 1530 2462 Cura
1547 2431 1650 2463 Deum·

191 2478 260 2505 sune
274 2474 328 2505 5³11·
343 2474 417 2504 sint.
434 2474 466 2504 in
485 2482 549 2503 uno
576 2472 668 2503 Leid.
687 2473 771 2502 Cura
789 2473 890 2503 Deum
905 2477 975 2503 sunt
989 2473 1043 2503 isti
1057 2484 1067 2503 .·
1085 2473 1251 2513 Spirensis
1273 2474 1335 2504 sint
1352 2474 1420 2505 isti.
1443 2474 1647 2515 Castigatio-

194 2525 246 2548 τεο
262 2522 355 2548 certe
374 2516 539 2558 plerique,
565 2518 648 2554 sunt,
675 2524 741 2546 non
755 2515 842 2552 sinu
865 2521 899 2546 et
923 2516 1076 2554 coluntur,
1100 2525 1165 2546 non
1189 2517 1349 2548 colantur.-
1379 2516 1538 2556 Noricus,
1565 2517 1650 2546 Cura

855 2613 994 2644 NOTAE

236 2689 299 2718 719
339 2685 477 2725 frutex]
527 2686 596 2716 Pro
626 2686 732 2727 stirpe
766 2688 891 2727 posuit.
993 2688 1160 2730 Tyaneius]
1188 2688 1302 2727 Tyana
1319 2685 1549 2727 Cappadociae
1567 2685 1652 2718 urbe
1680 2706 1684 2710 -

195 2738 348 2769 Mutatus
365 2736 453 2766 enirn
476 2739 528 2765 cst
545 2735 721 2767 Philemon
744 2737 776 2768 in
795 2748 894 2779 quer·
946 2739 981 2770 in
996 2739 1180 2780 Phrygiam
1196 2737 1351 2768 advecto.

192 2797 289 2826 cuu1;
312 2786 438 2819 Baucis
454 2786 487 2817 in
503 2785 622 2818 tiliam.
