1831 3023
193 284 305 328 1580

673 295 715 327 P.
747 295 906 326 ovmu
939 296 1152 329 NASONIS

138 417 143 422 -
192 391 304 433 Sunt
319 391 439 438 mihi,
461 405 558 444 quae
578 391 756 431 valeant
776 391 821 429 in
841 390 948 432 talia
967 392 1178 444 pondera,
1197 389 1337 432 vires:

192 457 275 500 Est
295 460 463 499 animus
486 461 653 498 vestros
675 462 788 498 certe
811 471 1015 498 sensurus
1030 459 1225 500 honores.

192 527 369 568 Scilicet
384 527 547 566 idcirco
563 537 643 577 pro
665 529 766 566 nato
788 526 956 566 coerula
974 530 1106 567 mater

191 592 444 633 Ambitiosa
461 604 539 631 suo
558 591 655 640 fuit,
676 596 727 631 ut
746 593 947 633 coelestia
966 593 1096 642 dona,

191 659 311 700 Artis
330 671 440 711 opus
460 662 607 706 tantae,
639 659 755 699 rudis
772 665 814 700 et
834 661 926 701 sine
943 665 1119 713 pectore
1138 661 1264 701 miles

1550 657 1635 700 290

190 725 424 766 Indueret'l
455 737 595 777 neque
616 725 728 765 enim
750 726 893 780 clypei
916 728 1146 768 coelamina
1166 727 1294 776 norit,

191 791 429 840 Oceanum,
451 796 492 832 et
513 795 658 840 terras,
679 805 866 844 cumque
882 793 969 833 alto
991 794 1132 833 sidera
1153 794 1283 842 coelo,

188 858 499 912 Pleiadasque,
523 858 810 910 Hyadasque‚
829 860 1146 910 immunemque
1167 860 1353 910 aequoris
1372 858 1552 909 Arcton,

190 925 489 977 Diversasque
510 924 652 972 urbes,
673 923 945 976 nitidumque
966 923 1140 963 Orionis
1161 936 1323 964 ensem.

188 992 391 1032 Postulat
412 994 459 1030 ut
478 991 627 1043 capiat
647 1003 747 1043 quae
769 1002 854 1029 non
871 990 1079 1042 intelligit,
1102 1002 1235 1030 arma.

1550 991 1636 1034 295

187 1060 343 1110 Quid?
377 1058 493 1112 quod
515 1071 597 1107 ine,
620 1058 716 1098 duri
739 1057 979 1110 fugientem
1001 1070 1180 1098 munera
1200 1056 1320 1108 belli,

188 1126 342 1179 Arguit
361 1126 535 1178 incepto
558 1137 697 1165 serum
721 1125 966 1164 accessisse
984 1124 1156 1164 labori?

184 1245 266 1277 Sunt
282 1245 358 1275 mihi
373 1245 454 1274 vires
468 1254 534 1284 1111oe
548 1244 702 1284 sufficiant
718 1244 750 1274 in
767 1243 913 1283 ejusmodi
928 1253 1020 1273 onera
1031 1253 1041 1273 .·
1065 1245 1109 1272 est
1126 1242 1245 1273 animus
1268 1243 1351 1271 certe
1364 1250 1506 1272 sensuras
1521 1244 1637 1272 vestros

185 1288 321 1318 honores.
368 1287 528 1317 Nimirum
552 1290 649 1316 mater
663 1288 789 1316 coerulea
806 1287 873 1317 ideo
889 1286 957 1323 fait
972 1286 1090 1315 cariosa
1113 1294 1170 1324 pro
1185 1283 1329 1323 suofilio,
1350 1287 1387 1313 ut
1402 1285 1487 1314 miles
1503 1283 1590 1315 hebes
1605 1286 1637 1313 et

185 1330 251 1359 sine
268 1329 389 1367 ingenio
407 1329 511 1366 ferret
535 1338 662 1358 πωπω-α
687 1329 833 1366 caelestia,
860 1339 933 1368 opus
959 1330 1054 1358 tantae
1077 1324 1182 1357 artis?
1226 1326 1332 1365 Neque
1354 1336 1424 1356 vero
1447 1325 1639 1356 intellexerit

184 1372 374 1410 sculpturam
389 1372 498 1410 clypei,
523 1375 722 1408 oceanum‚et
747 1374 856 1408 terras,
872 1375 962 1410 atque
988 1373 1073 1400 astra
1099 1379 1167 1399 cum
1189 1370 1306 1398 excelso
1332 1370 1418 1406 coelo,
1443 1372 1473 1398 et
1493 1367 1639 1399 Pleiadas

184 1417 276 1452 atque
292 1413 435 1453 Hyadas,
459 1417 490 1442 et
504 1414 621 1443 Arcton
645 1416 801 1453 expertem
827 1415 933 1451 maris,
959 1416 990 1443 et
1013 1411 1102 1442 urbes
1127 1411 1240 1448 varias,
1266 1413 1296 1440 et
1319 1410 1458 1449 gladium
1483 1419 1639 1440 coruscum

191 1456 329 1485 Orionis.
377 1456 475 1493 Optat
492 1455 602 1484 habrre
623 1465 711 1484 arma
735 1466 801 1494 qaae
827 1465 887 1485 non
911 1455 1004 1494 capit.
1060 1451 1168 1487 Quid?
1191 1454 1269 1492 quod
1294 1453 1500 1492 reprehendit,
1526 1461 1574 1482 me
1588 1451 1641 1481 de-

184 1500 366 1528 trectantem
382 1497 479 1538 officia
494 1496 564 1526 belli
579 1497 665 1526 tarde
680 1497 796 1527 venisse
810 1499 850 1527 ad
865 1497 1017 1537 inceptum
1033 1494 1190 1527 laborem?
1212 1504 1307 1534 neque
1331 1495 1412 1525 videt
1428 1504 1459 1524 se
1474 1502 1639 1533 coarguere

797 1582 1030 1594 eeeeeeeeeeee

188 1646 294 1674 -234
317 1643 412 1674 Unus
429 1643 523 1675 Med.
546 1652 601 1680 ego
615 1643 696 1672 solus
710 1642 977 1672 Achillem—287
1001 1641 1150 1671 Berolin.
1165 1643 1240 1671 cert.
1256 1643 1348 1671 vestr.
1372 1639 1456 1669 Mox
1479 1639 1648 1670 Jun.cen-v

187 1696 274 1716 surus
289 1685 466 1715 hmz.—289
491 1685 662 1714 Graevian.
688 1693 749 1722 pro
774 1693 844 1713 var.
867 1683 944 1712 lect.
970 1686 1003 1712 ut
1026 1683 1173 1712 Vulcania
1187 1684 1361 1711 (ωτι-291
1388 1680 1469 1719 Arg.
1485 1681 1639 1712 Indaerit.

190 1727 279 1757 Dein
296 1727 447 1757 Berolin.
471 1736 525 1756 nec
541 1735 607 1764 quse
622 1727 703 1764 clyp.
727 1726 794 1754 coel.
818 1724 924 1755 novit:
947 1724 1038 1763 vulg.
1058 1723 1144 1754 Edd.
1171 1723 1273 1753 etiam
1300 1722 1384 1752 norit
1409 1722 1537 1752 habent
1562 1732 1638 1753 cnm

188 1770 317 1808 aliquot
345 1768 599 1807 scriptia-494
623 1767 684 1796 Pr.
707 1767 838 1797 Bonon.
867 1766 1045 1804 Dicet-sosq.
1067 1765 1270 1795 orbes.—295
1297 1764 1452 1795 Quatuor
1477 1763 1556 1794 libri
1580 1773 1640 1794 non

188 1811 356 1850 intellig-at.
383 1810 485 1841 Hunc
501 1819 549 1840 vs,
566 1809 696 1840 uncinis
710 1807 875 1839 conclusit
892 1807 1246 1838 Mitschei·lich.——296
1259 1807 1430 1846 Bernegg.
1447 1805 1477 1837 I.
1493 1810 1528 1836 et
1544 1805 1642 1847 quin·

843 1905 875 1936 N
883 1903 984 1935 OTAE

942 1978 1108 2009 radiantia
1118 1976 1258 2008 flammis
1268 1975 1396 2015 Sidera,
1408 1983 1490 2016 quas
1500 1972 1640 2014 Hyadas

943 2029 1067 2060 Graius
1083 2029 1125 2059 ab
1141 2027 1248 2058 imbre
1264 2025 1384 2057 vocat!

187 1980 288 2011 modo
305 1980 415 2011 locum
433 1978 591 2020 praebuit,
606 1989 672 2019 qua
693 1978 743 2009 nti
761 1978 886 2018 potuis·

190 2036 242 2062 set
259 2030 361 2070 Ajax,
373 2030 548 2070 minusque
564 2030 690 2068 placet.

231 2082 294 2110 287
338 2079 496 2118 Honores]
547 2077 720 2118 Siquidem
748 2076 889 2108 Achillis
986 2077 1118 2116 Arcton]
1130 2077 1247 2107 Ursam
1259 2073 1639 2115 majorem‚etHelicen,

190 2139 283 2160 arma
294 2129 357 2159 sibi
374 2129 611 2167 concederent,
626 2128 768 2158 scilicet.

230 2181 292 2209 288
307 2178 442 2217 Coerala]
455 2177 569 2207 Thetis
583 2181 646 2213 est,
657 2182 766 2206 mater
777 2175 890 2207 Achil-

187 2228 242 2266 lis,
274 2237 348 2268 qnae
373 2228 563 2256 Vulcanum
589 2226 728 2264 rogavit.
753 2230 790 2255 ut
820 2225 888 2256 filio

190 2285 283 2307 arma
297 2274 493 2306 fabricaret.

233 2327 293 2356 291
321 2321 505 2361 Coelamina]
521 2323 605 2355 Qnae
617 2331 659 2351 ex
672 2321 765 2351 Iliad.
780 2330 886 2352 xvln.

191 2374 233 2405 ab
249 2373 373 2405 Ovidio
396 2373 547 2403 desumta
571 2371 761 2411 principum
783 2372 886 2402 oculis

190 2432 352 2464 nusquam
383 2432 449 2453 non
479 2421 605 2452 debent
631 2421 821 2459 obversari3
850 2427 887 2452 ut

189 2473 355 2514 sapientia
371 2478 406 2503 et
422 2471 602 2511 prudentia
618 2480 676 2500 sua
697 2472 885 2510 praesertim

191 2523 341 2564 gerenda
364 2531 438 2553 esse
462 2521 562 2560 belia,
591 2531 695 2561 eaque
730 2521 822 2560 pacis
852 2526 888 2552 et

191 2572 349 2604 servandi
362 2571 487 2603 ordinis
496 2581 606 2610 causa,
617 2581 713 2611 quein
725 2571 757 2601 in
768 2576 888 2603 natura

190 2624 287 2655 Deus
302 2621 491 2659 constituit,
509 2630 642 2660 semper
664 2621 887 2653 meminerint.

232 2675 293 2703 293
348 2670 508 2710 Pleiadas]
570 2670 736 2709 Vergilias
773 2671 889 2702 dicunt

193 2723 319 2762 Latini,
334 2722 483 2753 Atlantis
505 2731 546 2751 ex
572 2721 711 2751 Pleione
734 2721 889 2762 Nympha

190 2775 274 2805 filias
288 2775 371 2805 coelo
384 2775 516 2812 relatas,
530 2783 619 2814 quae,
636 2779 672 2803 ut
688 2773 734 2802 ait
749 2772 890 2803 Ovidius

192 2825 227 2856 in
245 2825 366 2866 Fastis,
385 2825 398 2846 ‘-
413 2826 484 2856 Ore
501 2823 625 2856 micant
643 2822 743 2854 'ram-i
759 2827 889 2864 septem

944 2136 1002 2157 seu
1012 2127 1184 2164 minorem,
1194 2130 1228 2155 et
1239 2125 1461 2165 Cynosuram,
1470 2122 1512 2152 de
1521 2122 1640 2163 quibus

937 2176 1009 2215 jam
1025 2185 1115 2215 saepc
1130 2185 1138 2212 ;
1163 2174 1239 2204 ideo
1256 2178 1366 2203 autem
1385 2171 1530 2212 aequoris
1543 2171 1640 2210 signa

943 2225 1114 2262 immunia,
1142 2223 1230 2263 quod
1260 2222 1356 2252 nobis
1383 2229 1498 2251 versus
1525 2220 1640 2259 polum

941 2271 1641 2314 Septemtrionalemconstitutisnunquam

942 2325 1112 2363 occidant,
1129 2324 1281 2364 adeoque
1297 2323 1330 2352 iu
1344 2323 1517 2353 Oceanum
1532 2321 1642 2363 mergi

941 2376 1045 2406 oculis
1061 2384 1125 2405 non
1143 2373 1336 2404 videantur.

983 2428 1044 2455 ⁴294
1060 2424 1171 2462 Urbes]
1185 2424 1279 2453 Duas
1288 2424 1453 2452 memorat
1461 2420 1641 2459 Homerus,

942 2473 974 2504 in
1004 2483 1145 2515 quarum
1175 2473 1282 2503 altera
1310 2470 1474 2509 convivia,
1495 2471 1638 2510 nuptiae,

942 2523 1075 2563 aliaque
1094 2522 1186 2562 pacis
1200 2525 1404 2552 exercentur
1417 2529 1425 2557 ;
1440 2528 1515 2550 cum
1530 2520 1638 2550 altera

941 2573 1114 2603 obsidione
1129 2576 1312 2612 prematur.

988 2623 1126 2662 Orionis]
1170 2621 1237 2654 Qui
1274 2620 1396 2651 Dianae
1422 2627 1535 2649 comes
1561 2622 1640 2658 post

942 2677 1084 2703 mortem
1102 2671 1144 2701 ab
1162 2670 1235 2710 ipsa
1260 2669 1292 2699 in
1316 2669 1436 2699 coelurn
1457 2668 1641 2698 translatus

943 2727 978 2752 et
994 2722 1106 2761 gladio
1124 2722 1265 2758 cinctuS,
1281 2718 1542 2759 pulcherrimum
1565 2727 1638 2758 sep·

945 2771 1125 2802 tcmdecim
1148 2771 1320 2802 stellarum
1331 2768 1421 2801 sidus
1435 2768 1539 2811 juxta
1553 2768 1639 2800 Tau-

946 2831 1017 2853 rum
1035 2819 1149 2853 efficit.
1454 2813 1456 2816 ’
