1831 3023
522 247 553 276 M
565 244 998 277 ETAiuoRPnosson
1032 245 1129 277 mn.
1161 246 1276 278 xm.
1511 241 1625 285 1605

168 339 314 396 Regia
329 345 448 385 tecta
466 345 640 397 petunt:
671 342 895 396 positique
917 342 1138 396 tapetibus
1160 341 1260 384 altis

168 407 359 450 Munera
379 423 479 451 cum
498 407 665 462 liquido
687 409 866 462 capiunt
887 408 1090 450 Cerealia
1110 409 1306 451 Baccho.

166 475 283 518 Tum
304 477 407 530 pius
429 476 671 518 Anchises:
705 475 742 516 Ο
769 477 931 518 Phoebi
950 478 1061 519 lecte
1083 476 1306 526 sacerdos,
1540 477 1626 520 640

168 541 348 584 Fallor‘?
381 556 437 584 an
454 547 497 584 et
516 547 680 592 natum,
700 556 802 584 cum
824 546 1012 598 primum
1031 544 1128 586 haec
1148 545 1317 586 moenia
1335 542 1443 595 vidi,

168 610 336 665 Bisque
358 611 470 652 duas
491 615 633 660 nataS‚
654 618 866 664 quantum
887 613 1156 662 reminiscor,
1173 612 1405 654 habebas?

170 677 291 719 Huic
312 678 469 728 Anius,
491 678 631 719 niveis
652 679 923 720 circumdata
944 685 1144 734 tempora
1161 680 1286 721 vittis

166 744 454 795 Concutiens,
478 750 522 786 et
542 746 696 795 tristis,
722 747 807 787 ait:
841 746 947 787 Non
968 746 1148 795 falleris,
1170 747 1319 788 Heros

167 811 388 854 Maxime:
419 817 619 854 natorum
640 813 793 855 vidisti
815 814 1009 867 quinque
1030 819 1284 867 parentem:
1542 814 1629 857 645

165 879 310 930 Quem
330 893 439 920 nunc
459 879 603 934 (tanta
622 880 821 922 homines
843 894 988 922 rerum
1010 881 1312 922 inconstantia
1330 880 1502 936 versat)

163 945 301 988 Paene
322 947 448 988 vides
469 948 638 989 orbum.
700 946 823 998 Quid
841 949 953 988 enim
974 948 1079 988 mihi
1101 947 1218 989 filius
1238 948 1397 991 absens

163 1014 335 1056 Auxilii
352 1017 370 1055 ‘l
403 1029 529 1069 quem
549 1016 667 1056 dicta
687 1029 768 1056 suo
789 1016 843 1056 de
863 1016 1037 1056 nomine
1059 1015 1184 1056 tellus

163 1082 344 1124 Andros
365 1084 509 1133 habet,
531 1096 611 1137 pro
631 1087 760 1136 patre
781 1084 1013 1136 locumque
1033 1086 1078 1124 et
1096 1094 1227 1136 regna
1246 1086 1472 1125 tenentem.

165 1149 323 1191 Delius
344 1151 570 1203 augurium
590 1150 709 1192 dedit
727 1151 854 1192 huic:
886 1150 1006 1192 dedit
1028 1149 1165 1191 altera
1185 1149 1315 1191 Liber
1542 1149 1629 1191 650

167 1217 405 1259 Foemineae
425 1218 531 1260 sorti
552 1223 656 1260 voto
675 1219 846 1273 majora
867 1218 1038 1273 fideque
1098 1220 1108 1230 '

166 1283 376 1326 Munera:
409 1298 512 1327 nam
534 1291 656 1328 tactu
677 1291 884 1329 natarum
906 1290 1068 1329 cuncta
1090 1298 1286 1327 mearum

161 1455 240 1486 dant
256 1455 289 1486 in
311 1456 396 1486 sedes
421 1456 546 1494 regias:
570 1459 601 1486 et
624 1459 785 1495 postquam
809 1456 1016 1486 consedissent
1032 1456 1065 1485 in
1079 1455 1208 1486 excelsis
1221 1454 1387 1494 tapetibus,
1409 1456 1531 1484 sumunt
1550 1453 1632 1484 dona

166 1498 308 1529 Cerealia
335 1508 403 1528 cum
427 1499 497 1529 tino
521 1498 648 1538 liquido.
697 1498 772 1528 Tum
786 1499 857 1538 pius
872 1496 1033 1536 Anchises,
1051 1497 1080 1526 Ο
1094 1498 1208 1527 delecte
1224 1497 1355 1527 antistes
1369 1495 1535 1536 Apollinis,
1550 1495 1632 1526 deci-

159 1538 257 1579 pior?
279 1551 331 1577 an,
356 1551 425 1570 cum
448 1540 585 1580 primum
598 1539 689 1570 invisi
704 1540 783 1570 hanc
797 1539 916 1579 urbem,
932 1539 1074 1576 habebas,
1098 1541 1246 1579 quantum
1261 1540 1417 1579 recordor,
1431 1542 1462 1569 et
1467 1537 1579 1580 filiam
1601 1541 1631 1569 et

161 1580 413 1624 quatum-filias?
458 1583 559 1613 Anius
573 1582 750 1612 concutiens
765 1586 901 1622 tempora
916 1581 1019 1612 cincta
1034 1581 1125 1612 vietis
1138 1580 1292 1618 candidis,
1307 1585 1398 1620 atque
1409 1584 1546 1617 mamus,
1563 1581 1635 1612 haec

160 1625 266 1655 reddit
279 1636 288 1655 .-
306 1625 378 1656 Non
393 1626 535 1664 deceptus
549 1635 593 1663 es,
604 1625 692 1656 heros
704 1625 839 1655 maxime
851 1636 860 1654 .·
876 1625 984 1655 vidisti
998 1633 1050 1654 me
1061 1627 1182 1663 patrem
1197 1623 1328 1663 quinque
1340 1623 1507 1654 liberorum
1518 1635 1528 1654 .·
1544 1633 1634 1663 quem

161 1676 243 1698 nunc
259 1668 360 1698 cer-nis
379 1677 474 1708 prope
496 1667 623 1697 orbum:
647 1670 738 1697 tanta
764 1666 958 1697 mutabilitas
980 1675 1085 1696 rerum
1107 1666 1210 1705 agitat
1237 1665 1385 1698 homines.
1433 1666 1518 1701 Quid
1545 1665 1629 1696 enim

152 1709 246 1750 filius
259 1709 367 1740 absens
383 1710 460 1739 mihi
478 1708 578 1739 affert
591 1707 681 1748 opis?
703 1718 802 1748 quem,
817 1709 979 1739 habentem
994 1710 1091 1739 locum
1102 1713 1133 1738 et
1147 1708 1310 1748 imperium
1324 1719 1382 1748 pro
1393 1712 1496 1748 patre,
1511 1708 1636 1739 Andros

162 1755 248 1782 terra
272 1752 427 1792 appellata
453 1751 517 1790 ejus
542 1752 663 1781 nomine
690 1750 815 1782 retinet.
860 1751 972 1782 Delius
999 1751 1070 1781 huic
1097 1750 1229 1791 praebuit
1257 1751 1439 1782 vaticinium
1457 1762 1465 1780 .·
1490 1751 1634 1782 Bacchus

161 1793 297 1834 praebuit
313 1795 376 1825 alia
397 1795 489 1834 dona,
504 1803 598 1834 supra
614 1793 770 1824 desideria
791 1796 822 1825 et
833 1794 947 1835 fidem,
970 1794 1048 1825 sorti
1063 1793 1240 1831 foemineoe:
1262 1804 1391 1834 namque
1411 1793 1513 1825 omnia
1530 1797 1630 1825 muta-

777 1898 892 1910 ‘0060‘
899 1897 1012 1909 eeeooo

165 1965 286 1997 Heius.
309 1975 352 1996 ex
372 1965 485 1996 Barb.
511 1974 573 2005 pro
602 1966 693 2006 vulg.
714 1965 1006 2006 postumum-640
1031 1965 1124 1997 Leid.
1152 1965 1234 1997 Tunc
1254 1966 1459 2006 pater-Anch.
1484 1971 1631 2007 quatuor

167 2008 251 2040 Titne
271 2008 479 2049 prium—043
509 2008 628 2040 Vitreis
647 2019 672 2040 c.
689 2012 712 2040 t.
735 2009 826 2039 viteis
847 2008 927 2039 Bas.
958 2009 1082 2040 Vetanus
1104 2013 1240 2049 tempora
1262 2009 1356 2039 Med.
1381 2012 1520 2049 tempora
1547 2010 1633 2040 canis

165 2050 239 2083 Pal.
255 2061 325 2083 sec.
344 2051 377 2081 in
403 2061 469 2082 uno
486 2056 561 2082 erat
577 2051 690 2088 metim
714 2051 830 2082 Burin.
848 2056 947 2091 putat
962 2061 1024 2092 pro
1040 2052 1163 2087 miti-iu
1187 2061 1262 2082 nam
1279 2052 1326 2082 ita
1346 2051 1436 2092 apud
1454 2052 1582 2083 Lucan.
1599 2061 1632 2083 v.

167 2096 240 2124 1⁷0.
285 2094 295 2110 ‘
312 2093 409 2124 Colla
425 2093 551 2132 ferens,
569 2095 738 2135 vittasque
756 2094 835 2133 Dei,
853 2094 1074 2136 Phoebeaque
1090 2097 1204 2135 serta‚’
1219 2098 1282 2126 ἃς.
1305 2094 1338 2125 in
1367 2104 1433 2125 uno
1464 2094 1633 2125 Hambur-

163 2135 258 2209 {ensi
275 2136 393 2167 codice
415 2137 462 2167 ait
479 2146 554 2167 esse
572 2137 740 2177 mitrasque
757 2137 941 2168 Dea—646
965 2137 1033 2169 Pro
1050 2138 1185 2168 homines
1206 2143 1352 2179 quatuor
1368 2137 1537 2168 hominem.-
1561 2137 1634 2177 qui-

189 2188 242 2210 am
254 2178 388 2209 hominis
403 2188 506 2210 rerum
522 2179 582 2209 inc.
599 2190 689 2210 versa
702 2184 746 2210 est
756 2191 766 2210 .·
792 2189 852 2220 pro
866 2184 965 2210 versat
979 2181 1082 2211 etiam
1097 2186 1166 2212 tres
1177 2184 1300 2211 servat.-
1323 2180 1403 2210 Bas.
1419 2182 1631 2210 texat—647

169 2221 243 2253 Via.
259 2222 384 2252 viduum
400 2221 484 2253 liber
501 2222 595 2253 Sixii.
641 2223 778 2253 Deinde
795 2223 885 2262 vulg.
904 2224 1028 2263 legitur
1044 2224 1123 2262 quod
1138 2224 1220 2253 enim
1236 2226 1280 2253 est
1297 2223 1435 2262 mihifil.
1451 2222 1514 2252 abs.
1530 2222 1632 2253 Ausi-

161 2261 266 2295 lium?
290 2265 444 2294 nonnulli
459 2265 533 2304 quid
546 2265 638 2295 enim.
664 2264 785 2295 Heius.
799 2274 875 2295 cuni
893 2266 935 2296 0.
950 2265 1072 2296 suadet
1088 2266 1162 2305 quid
1179 2265 1544 2296 enim...Auxilii.-649
1561 2266 1632 2297 Nu·

163 2316 274 2338 meros
297 2306 378 2338 satis
407 2307 565 2338 evincere
591 2307 672 2338 nihil
694 2306 749 2338 hic
775 2307 1010 2339 Nasonianum
1026 2317 1101 2338 esse
1122 2313 1242 2338 censet
1259 2308 1377 2338 Heius.
1393 2307 1520 2338 Suadet
1536 2317 1631 2348 ergo,

163 2351 243 2380 locos
257 2353 287 2380 et
304 2359 411 2389 regna,
424 2351 476 2381 vel
493 2348 631 2387 locijam
645 2359 743 2388 regna
759 2355 817 2381 aut
833 2354 974 2391 sceptra:
994 2350 1054 2381 sed
1071 2350 1139 2381 vid.
1155 2350 1274 2382 Heius.
1290 2351 1322 2381 in
1341 2351 1422 2382 Not.
1439 2350 1627 2382 Van—651

164 2392 252 2424 Sorti
269 2397 331 2434 est,
346 2393 379 2424 in
394 2393 474 2423 Bas.
492 2402 541 2433 pr.
565 2397 600 2423 et
627 2391 757 2423 Arund.
782 2398 818 2424 et
844 2393 978 2424 duobus
1003 2393 1078 2425 aliis
1104 2403 1167 2435 pro
1185 2403 1257 2425 var.
1275 2393 1354 2425 lect.
1373 2394 1462 2434 vulg.
1479 2393 1628 2433 stirpi.—

826 2530 971 2564 NOTAE

206 2620 270 2649 6³9
296 2618 453 2659 Cerealia]
485 2618 627 2659 Panem,
650 2618 800 2650 scilicet:
827 2618 870 2650 de
967 2622 1030 2650 650
1049 2617 1176 2658 Delius]
1202 2617 1339 2658 Apollo,
1355 2617 1388 2648 in
1416 2616 1501 2648 Delo
1524 2617 1632 2648 insula

164 2678 232 2711 quo
248 2669 363 2700 toties.
923 2674 1036 2708 natus,
1068 2669 1124 2699 ubi
1155 2674 1188 2698 et
1216 2667 1475 2700 celeberrimum
1512 2667 1632 2700 habuit

207 2722 272 2751 049
295 2719 433 2761 Andros]
480 2719 588 2751 Maris
621 2719 726 2761 AEgaei
762 2718 871 2751 insula
922 2721 1108 2752 oraculum.

163 2769 275 2810 prima
304 2769 393 2802 inter
435 2769 622 2811 cycladas:
662 2781 738 2813 qua:
769 2771 868 2804 hodie
968 2769 1079 2810 Liber]
1104 2769 1271 2802 Bacchus.

165 2819 284 2851 Andro.
