1831 3023
525 240 996 278 METAMORPHOSEON
1031 241 1127 276 Lm.
1161 243 1257 274 ΧΠ.
1504 234 1616 276 1541

105 360 107 362 ·
163 343 364 385 AEacidae
384 342 572 390 dederat,
593 340 719 393 pacis
740 341 996 394 pignusque,
1017 338 1252 393 fidemque.
1535 337 1622 379 365

165 410 302 452 Hunc
324 410 479 464 procul
498 411 547 448 ut
566 406 687 448 foedo
708 406 940 460 disjectum
959 406 1140 448 vulnere
1162 405 1324 447 Peleus

98 508 108 513 -
162 477 307 527 Vidit,
331 477 392 518 At
411 475 606 524 inferias,
620 474 832 528 juvenum
852 475 1111 526 gratissime,
1134 473 1335 523 Crantor,

163 544 350 598 Accipe,
372 544 456 584 ait:
488 540 718 594 validoque
739 541 783 581 in
805 541 1099 582 Demoleonta
1120 542 1285 583 lacerto

164 611 202 652 F
204 612 427 652 raxineam
446 610 579 658 misit,
600 609 756 649 mentis
778 622 953 662 quoque
974 609 1158 658 viribus,
1179 609 1350 649 hastam
1367 622 1377 650 z

164 678 280 729 Quae
301 679 486 720 laterum
506 680 668 718 cratem
689 676 935 730 perrumpit
952 689 961 715 :
992 679 1034 715 et
1056 676 1233 715 ossibus
1253 676 1421 717 haerens
1534 673 1621 715 370

163 746 408 786 Intremuit.
467 744 622 785 Trahit
641 744 713 784 ille
734 755 865 783 manu
885 743 980 783 sine
1001 742 1185 796 cuspide
1207 742 1373 795 lignum
1390 756 1399 783 :

162 812 218 853 Id
240 824 417 865 quoque
435 811 515 854 vix
537 812 758 865 sequitur:
791 811 944 863 cuspis
966 810 1170 863 pulmone
1191 813 1362 852 retenta
1380 812 1462 851 est.

163 879 270 932 lpse
289 878 413 920 dolor
433 880 550 920 vires
571 880 717 919 animo
739 878 876 918 dabat
893 892 902 918 :
933 890 1048 930 aeger
1067 877 1114 917 in
1133 876 1308 918 hostem

162 945 368 999 Erigitur,
388 947 662 1000 pedibusque
682 947 822 987 virum
843 946 1070 1000 proculcat
1090 945 1277 998 equinis.

162 1013 346 1067 Excipit
365 1014 439 1054 ille
461 1015 574 1055 ictus
596 1014 720 1067 galea
738 1014 980 1068 clypeoque
1001 1016 1220 1062 sonantes,
1540 1010 1625 1052 375

164 1080 466 1135 Defensatque
486 1081 704 1132 humeros,
726 1085 1029 1134 praetentaque
1050 1080 1240 1121 sustinet
1261 1091 1405 1120 arma:

162 1146 337 1200 Perque
358 1160 503 1188 armos
522 1160 609 1189 uno
631 1147 718 1189 duo
738 1151 920 1202 pectora
938 1146 1132 1201 perforat
1152 1147 1259 1187 ictu.

163 1213 283 1255 Ante
304 1218 451 1256 tamen
470 1215 560 1256 leto
579 1215 756 1256 dederat
777 1215 1056 1268 Phlegraeon,
1078 1217 1120 1255 et
1142 1213 1296 1267 Hylen

163 1281 372 1323 Eminus:
405 1283 683 1337 Hiphinoum
705 1283 869 1325 collato
892 1283 1056 1332 Marte,
1079 1281 1342 1335 Claninque.

164 1410 213 1440 tui
227 1409 338 1449 patris,
358 1419 446 1449 quem
469 1409 625 1449 Amyntor
647 1418 705 1439 rex
721 1409 874 1448 Dolopum
891 1408 967 1439 bello
981 1408 1081 1438 victus
1099 1408 1229 1437 dederat
1244 1405 1388 1436 AEacidae
1401 1406 1433 1434 in
1449 1403 1583 1434 obsidem
1598 1405 1629 1433 ct

156 1452 257 1493 fidem
282 1452 379 1491 pacis.
426 1453 505 1482 Cum
537 1452 649 1482 Peleus
678 1451 766 1481 illum
794 1451 901 1490 procul
935 1449 1058 1489 aspexit
1084 1450 1219 1480 lacerum
1245 1448 1394 1478 horrendo
1419 1447 1555 1483 vulnere,
1571 1445 1630 1483 At,

165 1494 278 1534 inquit,
289 1493 422 1532 inferias
446 1494 561 1533 accipe,
590 1495 738 1532 Crantor,
757 1493 955 1524 dilectissime
961 1493 1129 1531 juvenum.-
1151 1494 1243 1531 atque
1258 1489 1386 1520 intorsit
1400 1489 1431 1519 in
1449 1488 1631 1519 Demoleon-

164 1539 228 1567 tem
235 1536 321 1574 forti
344 1535 479 1575 brachio,
504 1539 595 1575 atque
617 1536 712 1567 etiam
735 1536 834 1566 animi
860 1537 989 1576 impetu,
1021 1534 1132 1565 hastile
1150 1532 1350 1571 fraxineum,
1374 1531 1453 1571 quod
1475 1529 1631 1570 perfregit

165 1581 325 1610 texturam
340 1578 486 1616 laterum,
500 1582 591 1618 atque
607 1577 722 1608 ossibus
737 1577 869 1619 infixum
893 1577 1090 1608 contremuit.
1137 1576 1198 1607 Ille
1212 1575 1307 1615 eripit
1322 1583 1415 1605 manu
1431 1573 1550 1612 lignum
1565 1572 1631 1602 sine

163 1631 328 1652 mucrone:
351 1624 442 1662 atque
467 1621 501 1652 id
518 1630 602 1660 aegre
627 1620 718 1652 cedit.
763 1620 896 1651 Ferrum
918 1623 1072 1650 retentum
1087 1621 1133 1649 est
1146 1619 1298 1658 pulmone.
1345 1617 1416 1657 Ipse
1437 1616 1523 1646 dolor
1537 1613 1631 1645 dabat

165 1665 247 1695 vires
260 1664 373 1694 animo.
423 1663 608 1694 Vulneratus
636 1662 773 1701 insurgit
803 1663 837 1693 in
859 1663 988 1701 hostem,
1012 1665 1041 1692 et
1065 1661 1201 1701 proterit
1226 1661 1326 1690 virum
1344 1657 1473 1699 pedibus
1501 1656 1632 1697 equinis.

166 1706 226 1737 me
256 1706 354 1736 eludit
378 1705 463 1736 ictus
487 1708 659 1745 strepentes
684 1704 801 1735 casside
828 1708 857 1735 et
884 1706 999 1745 clypeo,
1024 1707 1055 1734 et
1078 1703 1158 1742 tegit
1184 1702 1337 1739 humeros,
1352 1704 1382 1731 et
1396 1700 1530 1731 sustinet
1544 1708 1633 1729 arma

166 1747 328 1788 opposita;
351 1751 381 1779 et
411 1747 570 1788 transfigit
599 1757 658 1777 uno
684 1747 749 1777 ictu
767 1748 826 1778 duo
842 1751 966 1786 pectora
980 1755 1035 1786 per
1051 1755 1162 1776 armos.
1207 1743 1418 1775 Nihilominus
1431 1742 1522 1782 prius
1537 1741 1632 1771 morti

167 1794 349 1832 opposuerat
372 1791 491 1821 eminus
521 1790 721 1829 Phlegroeum
747 1793 777 1820 et
809 1790 929 1830 Hylen,
956 1793 1047 1829 atquc
1075 1787 1270 1828 Hiphinoum
1292 1789 1322 1817 et
1350 1785 1463 1815 Clonin
1484 1783 1632 1815 cominus.

787 1872 1018 1884 moe-«neem

166 1935 238 1966 pon.
292 1925 384 1956 Dein
413 1933 473 1964 pro
499 1923 654 1964 Amyntor
685 1923 750 1954 duo
773 1923 917 1959 Anetor,·
950 1921 1007 1952 alii
1042 1921 1195 1957 Amic-tor,
1226 1920 1401 1958 Aminctor,
1429 1918 1632 1950 Atinam.—

168 1971 231 1999 365
258 1968 335 1998 Duo
366 1966 442 1997 libri
456 1966 608 2007 fideque,-
643 1965 734 2007 quod
766 1965 910 1996 Heinsio
940 1965 1074 2004 placet:
1112 1963 1226 2004 Thysii
1253 1962 1515 2004 fidesque—366
1550 1960 1632 1992 Hei-

168 2010 260 2041 deu».
297 2009 371 2048 disj-
406 2010 644 2049 putenm—367
671 2008 739 2040 Alii
778 2008 906 2038 Viderat
930 2007 1023 2043 infer.
1057 2007 1148 2038 Dein
1173 2015 1256 2037 unus
1294 2005 1413 2036 Heius.
1442 2004 1512 2042 J'uv.
1538 2003 1633 2045 fidis·

168 2053 246 2083 sime
270 2052 435 2083 Cra-368
459 2051 554 2081 Unus
582 2051 661 2081 Bas.
684 2050 994 2090 gratidoque.—369
1017 2049 1072 2080 Sic
1098 2049 1187 2089 vulg.
1219 2047 1307 2078 Edu.
1331 2048 1399 2078 Sex
1424 2045 1532 2077 Codd.
1563 2046 1633 2076 mis.

168 2094 294 2134 magnis
317 2104 404 2134 quoq.
428 2093 486 2124 vir.
512 2092 656 2124 totidem
673 2093 813 2131 junctis5
837 2103 888 2132 pr.
921 2092 1111 2131 Hamburg.
1141 2092 1237 2127 totis;
1272 2099 1323 2130 pr.
1350 2090 1458 2121 Gron.
1483 2093 1519 2119 et
1546 2097 1633 2118 nnus

170 2137 268 2168 Med.
300 2135 441 2167 meritis.-
467 2135 523 2166 alii
549 2136 660 2174 tantis,
680 2137 732 2166 vel
763 2136 891 2166 cunctis.
937 2135 1057 2165 Mentis
1086 2144 1154 2164 cum
1176 2134 1234 2164 τὶν.
1262 2141 1346 2163 unus
1378 2131 1496 2162 Heius.
1523 2135 1559 2161 et
1590 2130 1637 2161 N.

171 2179 293 2211 Heim.
318 2183 419 2219 putat
442 2178 608 2218 scriptum
626 2177 729 2208 fuisse
751 2188 818 2208 cum
836 2177 947 2208 mentis
963 2178 1023 2207 cir.
1042 2186 1116 2216 pro,
1141 2175 1293 2206 contentis
1315 2174 1459 2210 riribus;
1482 2177 1577 2204 certe
1600 2172 1635 2202 in

171 2231 240 2253 uno
256 2222 336 2252 Bas.
353 2221 485 2251 intensis
508 2220 678 2251 vin—370
704 2221 752 2251 ΡΙ.
779 2221 813 2250 S.
843 2220 953 2250 Marci
979 2220 1111 2249 lacerum
1135 2222 1240 2258 pectus
1260 2217 1437 2257 proerupit,·
1459 2219 1502 2246 et.
1549 2215 1636 2246 Cum

171 2263 369 2295 melioribus
400 2263 518 2293 Heius.
559 2263 618 2293 dat
651 2263 849 2303 perrumpit;
886 2262 978 2302 vulg.
1014 2261 1180 2301 perrupit,·
1216 2260 1314 2290 Voss.
1334 2258 1633 2299 perfregit.-—37l

173 2307 308 2347 Fragm.
350 2305 522 2336 Boxhorn.
556 2305 641 2345 rapit
672 2305 716 2335 iu.
755 2306 832 2335 Bas.
863 2305 945 2335 trah.
977 2304 1169 2334 inda—373
1202 2302 1346 2334 Bolhius
1375 2301 1535 2332 emendat
1567 2300 1636 2340 Ipse

171 2349 203 2380 d.
232 2349 372 2388 viresque
397 2347 494 2378 anim.
521 2349 678 2387 fisa—3⁷4
702 2348 744 2378 V.
768 2347 845 2379 Bas.
875 2352 910 2378 et
936 2347 1050 2387 plures
1069 2346 1127 2377 alii
1155 2346 1215 2376 vir.
1239 2345 1410 2376 conculcat:
1448 2343 1515 2375 duo
1537 2343 1636 2373 adca-

171 2391 343 2422 baa—375
368 2390 522 2420 Sonantes
545 2399 587 2420 ex
618 2389 834 2428 melioribus;
870 2391 960 2429 vulg.
986 2389 1130 2420 sonanti:
1165 2388 1239 2420 Pal.
1267 2393 1303 2419 et
1334 2392 1403 2418 tres
1420 2386 1475 2417 alii
1497 2388 1635 2417 sonante.

172 2436 278 2465 -877
303 2432 435 2464 Arund.
453 2437 489 2463 ct
521 2437 589 2463 tres
613 2433 668 2463 alii
700 2433 795 2472 Perq.
826 2432 976 2463 humeros.
1016 2432 1062 2463 0.
1090 2436 1126 2463 et
1141 2436 1274 2472 septem
1291 2430 1347 2461 alii
1371 2429 1507 2470 perfodit
1539 2429 1635 2459 iet.—

839 2527 983 2560 NOTAE

173 2603 360 2636 Thessaliae
385 2602 514 2642 populi.
539 2603 571 2632 in
594 2602 800 2633 Phthiotidis
824 2613 879 2633 ex·
936 2603 1037 2634 etiam
1055 2602 1156 2633 animi
1176 2600 1430 2643 perturbatione
1449 2601 1614 2628 certatur.

176 2653 293 2686 tremis
321 2652 462 2684 finibus:
498 2653 554 2693 qui
583 2662 823 2693 nonnunquam
845 2663 879 2683 e·
977 2656 1039 2684 374
1070 2652 1194 2690 Virum]
1222 2648 1532 2687 l'el‹·nn1,scilicet.

175 2704 257 2735 tiam
274 2713 334 2744 pro
353 2703 485 2733 Graecis
501 2708 689 2734 sumuntur.
977 2705 1038 2733 377
1055 2701 1141 2740 Duo]
1159 2701 1259 2740 Equi,
1273 2699 1417 2737 scilicet,
1429 2703 1463 2728 et
1476 2697 1635 2730 hominis:

219 2756 284 2785 369
308 2752 442 2792 Mentis]
475 2753 602 2783 Mentis
629 2752 878 2794 indignatione:
936 2762 1013 2784 narn
1031 2753 1219 2783 Centaurus
1236 2749 1314 2779 fnit.

176 2811 414 2845 nonnunquam
425 2801 514 2834 enim
531 2802 602 2834 sine
615 2802 705 2843 odio,
718 2808 774 2834 aut
792 2803 880 2835 omni
939 2820 941 2823 -
979 2805 1042 2834 379
1066 2801 1188 2833 collato
1205 2799 1326 2841 Marce]
1348 2797 1519 2830 Cominus.
