1831 3023
479 202 949 237 METAMoanosnoN
986 204 1081 234 Lm.
1114 206 1180 235 ιν.
1445 195 1561 238 1089

111 302 308 344 Sustinet
326 302 387 342 ire
406 300 524 348 illuc,
547 299 723 339 coelesti
744 299 848 339 sede
867 299 1043 349 relicta,

108 369 317 424 (Tantum
333 366 448 408 odiis
463 367 630 420 iraeque
651 364 824 419 dabat‚)
853 365 1058 407 Saturnia
1077 366 1106 408 J
1108 380 1210 408 uno.

111 435 216 486 Quo
237 434 366 475 simul
387 434 576 482 intravit,
600 445 816 485 sacroque
839 445 866 473 a
884 445 1064 486 corpore
1086 446 1287 487 pressum

111 501 330 555 Ingemuit
349 501 510 550 limen3
543 501 626 540 tria
647 499 865 541 Cerberus
886 501 1045 541 extulit
1065 514 1145 542 ora
1162 514 1172 542 z

109 569 166 610 Et
184 572 270 609 tres
291 568 472 608 latratus
494 567 623 607 simul
643 567 793 609 edidit.
854 568 940 608 Illa
961 581 1134 608 sorores

110 636 261 678 Nocte
282 640 414 677 vocat
437 635 624 687 genitas,
647 647 779 687 grave
802 639 845 675 et
864 635 1148 688 implacabile
1168 648 1344 678 numen.

107 702 331 760 (Carceris
352 706 447 744 ante
467 703 582 743 fores
605 702 780 744 clausas
803 703 1032 743 adamante
1052 703 1264 744 sedebant
1281 719 1290 745 :

109 770 266 823 Deque
289 770 382 811 suis
403 774 519 811 atros
539 769 777 822 pectebant
793 770 985 810 crinibus
1007 770 1206 823 angues.)

110 836 259 889 Quam
281 837 410 878 simul
430 842 644 890 agnorunt
663 838 772 878 inter
793 838 996 890 caliginis
1018 838 1196 879 umbras
1213 852 1225 890 ;

109 903 344 946 Surrexere
367 905 491 946 Deae.
551 904 689 945 Sedes
710 905 934 946 Scelerata
950 910 1145 946 vocatur.

108 969 301 1013 Viscera
320 973 552 1026 praebebat
571 972 729 1027 Tityos
751 973 955 1014 lanianda
973 988 982 1025 ;
1014 985 1260 1028 novemque

1478 570 1563 610 450

1483 906 1569 947 455

108 1098 194 1130 vitoe.
237 1099 322 1129 Juno
349 1098 502 1131 Saturnia
526 1109 586 1131 non
608 1104 732 1131 veretur
747 1101 820 1132 illuc
838 1102 1030 1140 descendere,
1046 1103 1161 1133 coelesti
1177 1103 1263 1133 domo
1279 1103 1450 1134 destituta.-
1474 1102 1568 1141 (tan-

111 1144 179 1172 tum
193 1141 374 1172 concedebat
390 1143 489 1172 dolori
504 1145 594 1183 atque
609 1143 722 1181 odiis.)
771 1144 839 1179 Quo
862 1145 972 1174 statim
991 1148 1084 1184 atque
1107 1145 1216 1184 subiit,
1240 1148 1270 1175 et
1286 1145 1374 1182 fores
1395 1145 1535 1185 impulsoe
1551 1155 1570 1176 a

111 1192 197 1215 sacro
212 1193 336 1224 corpore
351 1184 516 1224 strepitum
533 1185 689 1224 fecerunt,
707 1186 857 1216 ‘'erberus
872 1187 974 1216 erexit
1001 1188 1062 1216 tria
1085 1188 1199 1225 capita,
1220 1191 1249 1216 et
1269 1188 1364 1217 simul
1385 1191 1448 1218 tres
1470 1188 1571 1218 emisit

112 1226 253 1257 latratus.
295 1227 353 1256 lua
366 1229 493 1257 arcessit
508 1237 627 1257 sorores
646 1228 743 1257 Nocte
759 1231 856 1265 ortas,
876 1238 983 1257 numen
998 1238 1110 1257 san-mn
1127 1233 1156 1258 et
1174 1229 1371 1259 inexorabile.
1417 1229 1572 1260 Sedebant

113 1271 188 1299 ante
209 1268 337 1304 januam
357 1269 490 1299 carceris
507 1270 676 1299 obseratam
699 1271 876 1306 adamante,
903 1273 933 1298 et
958 1270 1119 1307 pectebant
1145 1270 1252 1306 nigros
1273 1274 1428 1309 serpentes
1443 1281 1483 1301 ex
1505 1271 1572 1301 suis

111 1310 245 1350 capillis.
292 1309 393 1344 Quam
412 1319 479 1339 cum
493 1311 627 1347 primum
652 1310 729 1339 Dece
754 1314 943 1347 agnoverunt
969 1311 1052 1340 inter
1067 1310 1208 1341 tenebras
1222 1321 1342 1351 opacas,
1356 1315 1570 1343 surrexerant.

113 1352 213 1384 Locus
233 1351 407 1392 appellatur
433 1351 616 1382 Sceleratus.
666 1351 776 1393 Tityus
801 1351 893 1382 dabat
918 1352 1092 1392 proecordia
1117 1353 1328 1395 discerpenda,
1353 1358 1382 1386 et
1406 1354 1572 1397 occupabat

728 1442 959 1454 naenmaem

115 1505 200 1537 Pars
211 1505 330 1546 aliquas
340 1510 446 1537 artes:
470 1506 580 1537 inuno
595 1506 727 1538 Ciofani
742 1508 882 1548 Parsque
893 1508 970 1539 alias
980 1512 1074 1540 artes.
1099 1509 1356 1541 Plurimietiam
1369 1510 1466 1542 alias.-
1494 1519 1574 1541 non-

115 1548 198 1579 nulli
213 1549 293 1579 alias
317 1558 415 1580 arces.
442 1549 528 1580 Inde
549 1550 581 1580 in
597 1550 797 1591 quibusdam
825 1557 922 1582 extat
951 1552 1120 1592 Exercent,
1145 1553 1238 1583 aliam
1260 1557 1384 1593 partem
1406 1563 1462 1584 sua
1484 1563 1575 1593 poena

114 1590 252 1623 coercet:
288 1591 390 1632 idque
418 1601 461 1623 ex
491 1593 697 1624 auctoritate
725 1594 929 1634 optimorum
954 1594 1108 1626 codicum
1139 1595 1396 1635 efficium—448
1419 1596 1514 1627 Med.
1540 1599 1576 1626 et

115 1633 199 1664 alius
223 1643 348 1674 corpore
363 1637 599 1666 tactuve-449
622 1636 722 1676 Vulg.
748 1636 915 1668 Intremuit
930 1637 1047 1675 limen;
1071 1638 1104 1668 in
1128 1647 1194 1668 uno
1212 1637 1343 1669 Ciofani
1370 1639 1576 1669 Contremuit.

116 1678 221 1708 —450
245 1675 313 1709 Alii
328 1677 419 1708 semel
433 1678 650 1711 ealdan—453
672 1679 800 1711 Tlmau.
819 1680 988 1721 Bernegg.
1014 1684 1049 1712 et
1072 1689 1157 1711 unus
1174 1680 1268 1712 Med.
1289 1680 1467 1721 spectabant
1482 1681 1577 1712 crini-

777 1775 922 1808 NOTAE

162 1849 223 1879 44⁷
249 1847 373 1888 Dabat]
394 1849 498 1887 Juno,
520 1850 591 1880 scil.
610 1859 697 1889 quae,
712 1849 818 1890 digni-

121 1900 199 1931 tatis
229 1900 348 1939 oblita,
379 1901 423 1932 ad
451 1900 582 1933 Inferos
608 1902 818 1934 descendere

118 1957 183 1980 non
199 1949 445 1981 reformidavit.

160 2001 225 2031 449
259 1999 426 2040 Cerberus]
458 2000 550 2031 Ditis
569 2001 653 2032 aulae
676 2001 820 2041 janitor,

120 2049 219 2082 Canis
248 2051 434 2092 centiceps,
463 2056 499 2082 ut
530 2052 676 2083 Horatio
703 2053 822 2092 visum,

120 2101 247 2142 triceps
260 2101 445 2132 secundum
472 2101 567 2140 alios,
593 2102 711 2141 leonis,
736 2102 821 2143 lupi,

121 2156 157 2182 et
180 2151 273 2182 canis
300 2161 359 2182 ora
375 2160 508 2191 gerens,
529 2152 616 2183 collo
643 2151 823 2192 anguibus,

120 2201 275 2232 villorum
292 2202 380 2241 loco,
393 2201 540 2232 horrido.

164 2255 224 2283 451
264 2252 362 2283 Nocte
395 2251 535 2292 genitas]
571 2252 690 2284 Furias
728 2251 823 2291 dicit,

121 2303 326 2335 Acherontis
356 2308 392 2334 et
423 2303 546 2335 Noctis
572 2303 670 2334 filias.
736 2303 822 2334 Tres

121 2353 226 2385 fuisse
239 2353 412 2393 dicuntur,
424 2354 622 2394 Tisiphone,
637 2355 774 2391 Alecto,
787 2359 823 2384 et

123 2404 296 2444 Megaera;
326 2414 408 2445 quas
439 2414 504 2435 non
534 2406 621 2435 male
644 2404 824 2444 Superbia,

125 2453 337 2494 eupiditate,
350 2460 385 2484 et
403 2454 572 2492 Libidine,
595 2464 710 2485 omnes
732 2455 825 2494 igno-

122 2504 234 2535 untia
249 2509 350 2543 satas,
365 2514 499 2535 sorores
517 2505 825 2545 conjunctissimas,

125 2559 160 2587 et
175 2565 278 2587 uuum
291 2565 415 2587 numen
433 2567 584 2596 pravum,
600 2556 798 2587 credideris.

167 2608 230 2638 ⁴⁵2
252 2607 443 2649 Adamaemee]
468 2607 507 2638 ld
523 2612 587 2646 est,
608 2607 692 2638 seris
709 2606 828 2637 firmis-

129 2655 235 2688 simis:
260 2662 297 2688 ut
324 2659 414 2689 nulla
437 2659 568 2689 ratione
586 2668 719 2699 poeuam
747 2656 830 2688 cffu-

130 2713 211 2746 gere
225 2705 359 2738 valeant
371 2708 509 2747 conscii,
519 2708 551 2738 in
564 2717 704 2749 quorum
717 2713 830 2738 mente

130 2765 191 2788 sua
205 2755 297 2787 fraus
314 2761 350 2786 et
365 2767 442 2789 uuus
461 2764 585 2799 terror,
602 2769 670 2791 suae
687 2758 832 2801 denique

214 2809 329 2852 Delph.
344 2813 373 2841 et
394 2811 466 2843 rar.
481 2813 566 2846 (λιιι.

814 2812 908 2844 ovid.

875 1861 988 1892 pravae
1006 1851 1234 1891 cogitationes
1258 1851 1306 1882 ita
1329 1849 1512 1890 excubant,
1540 1855 1577 1882 ut

874 1911 1007 1941 semper
1024 1902 1284 1932 tumultuentur.

917 1953 977 1981 455
1002 1949 1175 1990 Scelerata]
1199 1949 1288 1982 Quia
1311 1949 1356 1980 ibi
1380 1950 1579 1992 plectuntur

875 2000 1045 2030 scelerati.

918 2052 981 2081 456
1019 2050 1143 2091 Tityos]
1176 2050 1271 2082 Jovis
1303 2049 1371 2081 fuit
1399 2056 1435 2083 et
1466 2052 1577 2084 Elarae

877 2099 973 2140 filius,
1003 2110 1104 2142 quem
1131 2101 1172 2131 ob
1203 2101 1355 2142 corporis
1383 2101 1581 2133 immensam

878 2150 1147 2191 magnitudinem
1192 2151 1312 2191 Terra,
1349 2161 1416 2192 qua
1445 2152 1581 2183 Elaram

878 2206 1022 2232 matrem
1037 2201 1177 2242 Jupiter
1192 2201 1336 2234 Junonis
1358 2207 1451 2233 metu
1469 2202 1582 2234 occul-

879 2256 1027 2290 taverat,
1043 2251 1194 2292 genitum
1209 2249 1309 2282 fuisse
1326 2251 1471 2284 fabulati
1491 2256 1582 2284 sunt.

879 2301 947 2333 Hic
965 2301 1128 2332 Latonam
1142 2301 1185 2332 de
1199 2306 1317 2342 stupro
1335 2302 1511 2342 appellare
1529 2311 1585 2333 au-

879 2360 946 2389 sus,
969 2351 1102 2390 sagittis
1119 2350 1286 2390 Apollinis
1308 2351 1349 2382 ad
1370 2350 1502 2383 lnt'eros
1526 2351 1584 2382 de-

880 2401 1033 2431 tntbatus
1050 2405 1113 2439 est,
1130 2401 1185 2431 ubi
1207 2401 1308 2442 jecur
1336 2406 1506 2442 perpetuo
1534 2410 1585 2432 re-

881 2461 1022 2482 nascens
1052 2452 1177 2482 vulturi
1205 2461 1264 2482 seu
1292 2452 1480 2483 vulturibus
1506 2451 1586 2483 assi·

881 2503 947 2532 due
975 2501 1107 2542 praebet
1132 2502 1357 2534 exedendum.
1403 2503 1511 2535 Quam
1536 2500 1584 2532 fa-

882 2553 1008 2590 bulam,
1021 2553 1110 2593 quod
1128 2557 1241 2583 nostra
1261 2562 1379 2593 parum
1395 2551 1512 2589 refert,
1526 2550 1584 2582 alii

884 2604 925 2634 ad
949 2603 1138 2641 historiam,
1166 2603 1221 2633 alii
1247 2612 1310 2633 non
1337 2603 1408 2632 sine
1431 2599 1583 2641 plurimls

884 2654 1045 2685 machinis
1062 2654 1103 2684 ad
1122 2664 1175 2685 res
1202 2653 1372 2685 naturales
1390 2652 1589 2690 retrabun23

883 2704 1019 2745 quidam
1047 2704 1090 2735 ad
1123 2714 1232 2735 mores
1264 2702 1429 2741 referunt,
1460 2704 1497 2732 ut
1522 2710 1585 2742 per

886 2757 1036 2789 vultures
1052 2767 1158 2797 amor,
1173 2765 1276 2795 ειη-ω,
1302 2755 1451 2796 itemque
1465 2751 1586 2788 admis-

1427 2808 1498 2841 SZ
