1831 3023
546 210 1022 245 METAMORPHOSEON
1057 213 1153 244 mn.
1187 214 1240 244 x.
1503 202 1618 248 1419

169 310 304 353 Nunc
325 323 440 366 opus
459 312 525 351 est
541 307 706 349 leviore
724 306 847 360 lyra:
877 319 1128 361 puerosque
1149 318 1358 348 canamus

168 378 370 420 Dilectos
390 374 570 428 Superis
587 386 598 424 ;
627 372 983 428 inconcessisque
1003 372 1178 427 puellas

169 443 347 496 Ignibus
366 440 572 482 attonitas
591 439 805 480 meruisse
825 440 1006 481 libidine
1024 452 1216 494 poenam.

168 509 272 551 Rex
291 509 504 562 Superum
526 506 705 559 Phrygii
724 507 948 559 quondam
968 507 1234 562 Ganymedis
1253 519 1401 548 amore

168 575 313 618 Arsit:
343 578 387 615 et
404 574 626 615 inventum
646 577 713 613 est
731 573 913 627 aliquid,
935 575 1057 628 quod
1077 574 1253 628 Jupiter
1274 586 1389 625 esse,

169 641 315 693 Quam
334 639 452 695 quod
472 642 581 690 erat,
596 640 764 680 mallet.
824 639 967 682 Nulla
986 645 1136 681 tamen
1155 641 1259 682 alite
1281 642 1390 683 verti

167 708 411 762 Dignatus,
399 721 410 730 ·
441 707 526 748 nisi
547 720 647 785 quae
668 706 810 760 possit
827 720 909 748 sua
928 707 1111 748 fulmina
1130 708 1255 750 ferre.

1532 506 1619 548 155

163 829 255 867 atque
274 827 411 858 dicamus
431 837 544 868 pueros
568 831 687 860 amatos
711 839 730 859 a
748 828 848 866 Dus,-
869 831 961 869 atque
983 829 1102 869 puellas
1115 831 1272 868 correptas
1296 827 1450 859 amoribus
1473 825 1620 865 nefandis

162 869 309 901 meruisse
319 879 443 910 poenum
456 870 595 902 libidine.
638 871 713 902 Rex
729 872 869 903 Deorum
882 873 955 902 olim
967 871 1124 911 flagravit
1139 872 1289 903 desiderio
1307 869 1496 911 Ganymedis
1509 869 1616 911 Pliry-

159 910 230 950 gii.-
251 914 342 953 atque
356 912 474 953 aliquid
489 916 536 944 est
547 916 704 954 repertum
715 916 794 955 quod
804 915 932 955 Jupiter
942 915 1050 945 mullet
1061 924 1135 950 esse,
1151 924 1241 954 quam
1257 915 1335 954 quod
1345 915 1425 944 erat.
1451 912 1491 943 In
1500 913 1616 943 nullam

162 956 265 985 tamen
278 965 366 986 avem
377 956 444 986 vult
458 956 586 996 mutari,
602 957 663 987 nisi
678 966 746 997 quoe
759 957 857 998 possit
871 960 996 996 gestare
1009 956 1220 994 suasulmina.
1251 958 1318 987 Nec
1338 965 1444 987 mora:
1459 954 1531 986 a'e're
1543 958 1615 986 acto

775 1039 1011 1053 eeeeeeeeeee

164 1104 422 1145 Bersm.prae1ia
447 1105 515 1136 Ms.
543 1105 673 1137 Bersm.
708 1105 779 1137 Pro
802 1105 918 1154 eampis
945 1103 1105 1136 Heinsius
1125 1103 1215 1144 conj.
1231 1103 1352 1134 castris.
1354 1104 1460 1133 -152
1483 1100 1617 1133 Arund.

164 1145 232 1177 Hic
244 1156 329 1187 opus.
333 1150 438 1178 —154
463 1147 592 1179 Omnes
609 1147 681 1179 fere
705 1148 826 1189 scripti
841 1148 929 1179 libid.
942 1157 1058 1188 poenas.
1061 1149 1166 1178 —158
1190 1146 1314 1185 Portet,
1330 1145 1382 1176 vel
1395 1147 1499 1185 portat
1512 1147 1618 1183 terrae,

164 1194 223 1220 aut
238 1190 343 1226 terris,
367 1190 520 1231 plerique
545 1195 700 1229 veteres3
728 1201 786 1232 quo
809 1193 915 1231 portat
939 1194 1034 1221 terrae
1058 1199 1165 1228 unus;
1193 1189 1291 1226 alius,
1307 1199 1365 1228 qua
1384 1191 1486 1228 ponet
1499 1190 1619 1224 terrae;

165 1230 246 1270 duo,
262 1241 329 1272 quoe
350 1236 454 1272 portet
470 1236 576 1264 terra.-
600 1243 649 1282 pr.
676 1233 870 1274 Hamburg.
886 1237 990 1274 portat
1016 1235 1113 1263 terra.
1156 1213 1288 1262 ’Arund.
1316 1240 1383 1270 quoe
1397 1229 1494 1270 possit
1511 1209 1620 1277 serre:-

164 1273 284 1306 Heins.
301 1274 435 1314 suadet,
448 1285 514 1315 ‹111ae
526 1276 625 1316 possit
637 1286 693 1307 sua
700 1276 839 1314 fulmina
843 1276 957 1314 serre
970 1275 1035 1315 vel,
1050 1276 1126 1306 null.
1137 1278 1210 1306 tam.
1227 1275 1270 1305 al.
1281 1276 1359 1304 cert.
1372 1273 1621 1312 Digna-usmis·

816 1379 848 1410 N
852 1377 955 1409 OTAE

163 1449 315 1483 cedoniae
341 1454 440 1492 parte
467 1460 543 1492 quae
572 1452 712 1483 Pallene
745 1456 864 1492 postea

162 1500 255 1532 dieta
291 1506 357 1541 est,
392 1501 426 1532 iu
463 1502 641 1542 peninsula
677 1502 719 1533 ad
754 1502 863 1533 sinum

917 1450 979 1481 bus
996 1450 1111 1481 oculos
1124 1453 1362 1480 averteremus.
1386 1447 1502 1489 Atque
1519 1447 1623 1487 adeo,

915 1502 987 1534 sive
1012 1511 1032 1532 a
1053 1500 1141 1533 Jove
1167 1510 1230 1542 per
1256 1509 1389 1538 navem,
1406 1500 1477 1531 sive
1497 1508 1558 1540 per
1573 1499 1621 1529 le-

161 1551 419 1590 Thermaicum3
458 1552 512 1583 alii
546 1552 580 1583 iu
614 1553 796 1593 Thessalia,
829 1553 863 1584 in

161 1601 323 1644 Thracia,
338 1602 374 1634 in
388 1602 574 1644 Campania
591 1603 738 1645 denique
761 1604 865 1636 collo-

158 1656 251 1685 cant.

205 1705 269 1733 1⁵2
292 1702 435 1742 Lei-iore]
453 1703 634 1735 Amoribus
650 1705 864 1736 convenienti

165 1761 248 1783 sono
264 1753 427 1784 molliore.

207 1803 268 1832 153
295 1802 438 1842 Puteum]
473 1802 590 1835 Qualis
614 1802 680 1834 fuit
711 1803 864 1843 Myrrha,

163 1850 206 1882 de
220 1860 287 1893 qua
300 1850 331 1881 in
350 1851 584 1893 sequentibus.
614 1851 768 1882 Plurima
785 1861 864 1883 vero

165 1900 377 1933 foeminarum
406 1902 483 1933 odio
521 1901 563 1932 ab
600 1902 741 1942 Orpheo
772 1901 866 1933 facta

164 1951 276 1983 Poeta
304 1958 479 1988 memorat,
511 1957 548 1983 ut
578 1957 697 1992 postea
721 1961 865 1983 commo-

164 2001 238 2033 dius
254 2002 297 2032 ad
314 2001 388 2042 ejus
405 2001 479 2032 fata
494 2001 693 2032 descendat.

207 2053 268 2082 155
295 2049 500 2091 Ganymedis]
534 2050 599 2082 Qui
627 2050 725 2081 Trois
755 2050 862 2090 Phry-

164 2100 230 2142 giae
246 2101 336 2141 regis
352 2099 417 2131 suit
433 2100 534 2130 filius.

207 2154 270 2184 156
291 2151 397 2191 Arsit]
423 2150 690 2192 impurissimum
717 2159 864 2181 amorem

164 2203 218 2234 vel
235 2202 299 2243 ipsi
321 2202 456 2233 Ethnici
475 2201 731 2232 verecundiores
752 2201 786 2231 in
809 2201 865 2231 ho-

163 2253 309 2285 minibus
333 2252 382 2283 ita
409 2251 666 2291 damnaverunt,
690 2256 727 2283 ut
745 2251 864 2292 poe'tas

165 2300 396 2344 profligandos
417 2301 626 2341 censuerint,
647 2302 703 2343 qui
717 2301 865 2333 nefanda

165 2353 308 2385 audacia
320 2361 381 2383 suo
395 2351 474 2384 Jovi
493 2351 659 2392 nequitias
677 2352 865 2383 istiusmodi

164 2403 405 2435 attribuerunt.
430 2402 479 2432 Ex
498 2402 629 2432 illorum
645 2411 784 2434 numero
799 2402 865 2434 fuit

167 2454 300 2493 Cicero,
316 2454 372 2495 qui
402 2453 606 2494 insuper,eo
634 2452 782 2485 ducente
809 2463 866 2485 no-

166 2503 257 2534 mine
270 2503 343 2543 ipso
360 2502 581 2542 Ganymedis,
597 2511 658 2541 per
671 2502 768 2542 liujus
785 2512 865 2544 pue-

169 2554 196 2586 ri
218 2553 367 2586 fabulum
385 2554 451 2586 Dei
468 2564 543 2584 cum
567 2554 756 2593 sapientum
774 2564 866 2586 men-

167 2602 258 2635 tibus
273 2604 475 2634 commercia
491 2603 678 2634 hominibus
696 2603 865 2636 inculcata

169 2662 242 2684 esse
258 2653 375 2685 voluit.
420 2653 588 2684 sederent
614 2652 768 2692 profecto
785 2655 865 2686 Eth-

169 2702 383 2744 nicijudices
397 2709 516 2734 contra
542 2713 613 2742 nos,
637 2704 700 2734 nisi
724 2704 766 2735 ab
787 2714 866 2736 exe-

169 2752 301 2787 crandis
318 2751 529 2796 perditorum
540 2753 706 2785 hominum
720 2753 864 2786 libidini-

917 1552 1046 1593 giones,
1071 1551 1193 1593 quibus
1212 1550 1341 1590 insigne
1361 1548 1467 1580 fuerit
1484 1548 1621 1590 Aquila,

917 1602 1139 1644 Ganymedes
1157 1606 1277 1642 raptus
1298 1600 1416 1637 fuerit,
1431 1609 1470 1631 eo
1487 1598 1622 1639 omisso,

919 1654 961 1685 ad
976 1663 1029 1693 ea,
1047 1663 1122 1695 quae
1138 1653 1236 1683 nobis
1253 1656 1329 1683 sunt
1344 1651 1514 1692 propiora,
1526 1658 1620 1681 men-

920 1709 989 1736 tem
1005 1708 1254 1735 convertamus.
1289 1701 1376 1732 Sunt
1390 1709 1504 1730 onmes
1521 1702 1620 1740 quot·

919 1759 1002 1795 quot
1023 1753 1172 1783 homines
1197 1751 1308 1782 sancti
1331 1751 1462 1788 vivunt,
1481 1754 1517 1780 et
1540 1757 1618 1779 con-

921 1803 987 1833 silii
1004 1808 1038 1833 et
1054 1801 1233 1842 sapientiae
1257 1809 1371 1831 curam
1385 1799 1524 1838 habent,
1540 1808 1621 1830 vere

923 1852 1138 1894 Ganymedes
1169 1855 1206 1882 et
1233 1849 1316 1890 regii
1343 1849 1439 1890 pueri
1454 1859 1461 1879 :
1488 1848 1543 1889 qui
1559 1856 1621 1879 nos

921 1907 1025 1941 amat,
1042 1911 1141 1932 verus
1158 1900 1249 1931 Deus
1265 1903 1328 1930 est.
1364 1898 1447 1929 Sitit
1462 1897 1518 1928 ille
1534 1906 1621 1928 sem-

920 1964 994 1994 per,
1007 1958 1041 1983 et
1057 1953 1154 1992 cupit
1169 1955 1207 1982 ut
1223 1949 1401 1990 sapientiae
1417 1953 1536 1980 nectar
1556 1947 1620 1979 sibi

917 2004 1156 2034 ministremus.
1217 2000 1303 2032 Quae
1337 2008 1396 2029 nos
1427 1998 1461 2028 in
1496 1997 1620 2028 coelum

920 2051 1104 2083 transferat
1121 2049 1259 2090 Aquila,
1275 2053 1310 2079 et
1333 2047 1375 2077 ad
1394 2056 1518 2087 corpus
1533 2055 1621 2076 mor·

919 2106 1014 2133 tuum
1030 2103 1230 2140 congreget,
1246 2097 1329 2128 fides
1345 2096 1542 2137 requiritur.
1575 2095 1621 2126 11-

919 2153 985 2183 lam
1004 2152 1096 2183 Deus
1112 2151 1214 2181 homo
1240 2148 1348 2179 factus
1376 2147 1424 2178 ita
1450 2146 1622 2177 mentibus

918 2202 1108 2242 ingenerat,
1132 2205 1170 2231 ut
1192 2199 1296 2240 ipsius
1320 2198 1446 2229 virtute
1469 2205 1511 2227 ex
1528 2201 1622 2228 terra

917 2252 1121 2284 auferamur.
1150 2252 1205 2282 De
1220 2249 1270 2281 his
1287 2247 1516 2288 cogitandum.
1549 2247 1623 2278 Me-

919 2303 1050 2344 liusque
1081 2301 1147 2333 erit
1174 2298 1343 2341 ejusmodi
1372 2298 1464 2329 curis
1482 2306 1622 2338 operam

919 2353 1013 2393 dare,
1039 2357 1076 2384 ut
1102 2350 1254 2383 coelestia
1278 2349 1320 2380 ad
1349 2358 1408 2380 nos
1434 2347 1621 2378 derivando

921 2404 963 2435 ad
985 2404 1134 2444 Superos
1166 2399 1435 2437 transvehamur,
1462 2406 1562 2438 quam
1584 2401 1622 2427 ut

921 2454 1095 2486 terrestria
1110 2453 1143 2484 in
1159 2451 1279 2482 coelnm
1297 2446 1561 2482 transmittendo
1577 2445 1621 2476 ad

919 2505 1055 2538 Inferos
1071 2503 1306 2535 deturbeniur.

964 2558 1024 2586 158
1051 2555 1128 2590 Qua*
1143 2551 1254 2593 possit]
1274 2550 1400 2592 Aquila
1415 2552 1478 2587 est,
1493 2556 1567 2588 quae
1585 2545 1621 2578 in

919 2606 1094 2637 volucrum
1112 2604 1276 2635 divi-sione
1290 2600 1368 2632 Jovi
1388 2598 1503 2633 cessit,
1519 2595 1621 2628 altius

919 2665 1018 2698 quam
1042 2661 1167 2686 cetera»
1185 2662 1265 2683 aves
1287 2651 1400 2685 vol-‘213
1425 2648 1527 2677 solem
1542 2645 1620 2678 fixi.

920 2707 1028 2739 oculis
1041 2706 1144 2737 audet
1158 2701 1280 2733 intueri
1293 2711 1302 2738 ;
1317 2698 1458 2729 fulmine
1471 2706 1536 2728 nou
1549 2702 1623 2730 tnn-

921 2756 1032 2798 gitur;
1052 2756 1151 2787 immo
1166 2751 1245 2785 ,lovi
1261 2748 1402 2782 fulmina
1413 2747 1621 2781 ministrasse
