1831 3023
187 266 304 308 1512
670 276 712 305 P.
745 273 905 304 ovmll
938 273 1150 305 NASONIS

183 371 369 411 Incubat
388 369 623 422 Halcyone
646 368 934 422 pendentibus
955 381 1127 420 aequore
1147 367 1278 408 nidis.

182 437 298 477 Tum
319 438 391 477 via
411 440 503 476 tuta
523 437 681 476 maris:
712 440 867 476 ventos
887 436 1088 484 custodit,
1112 439 1154 475 et
1175 436 1293 475 arcet

184 504 339 545 AEolus
359 516 560 555 egressu:
591 505 861 555 praestatque
880 503 1108 555 nepotibus
1130 514 1296 554 aequor.

387 698 505 740 FAB.
538 697 633 740 XI.
701 700 892 741 AEsacus
914 702 959 741 in
979 701 1198 742 volucrem
1220 701 1434 753 Mergum.

183 808 326 840 AESAcus
348 810 447 837 natus
469 806 608 845 Priami,
640 816 683 837 ex
711 806 918 847 Alyxothoe‚
946 807 1093 838 Cebreni
1117 808 1221 838 amnis
1248 808 1330 844 filia,
1356 808 1417 838 sub
1433 811 1548 840 monte
1571 807 1637 839 Ida

226 859 344 891 furtim
360 859 484 899 editus,
504 859 667 890 urbanum
693 865 891 899 apparatum
909 861 1106 900 cultumque
1133 871 1208 890 cum
1237 861 1340 900 sylvis
1365 865 1400 892 et
1424 860 1531 891 labori
1548 865 1639 902 post-

226 913 406 953 posuisset,
430 912 550 942 incidit
565 912 598 941 iu
623 917 846 951 conspectum
873 912 1061 952 Hesperies
1088 913 1256 952 Nympbae
1276 925 1283 943 ι
1312 915 1406 953 cujus
1423 919 1542 954 captus
1565 914 1639 954 pul-

227 965 430 1005 chritudine,
445 964 522 995 dum
539 964 725 1004 fugientem
744 965 970 1005 persequitur,
997 973 1099 995 causa
1113 964 1311 995 interemtus
1327 966 1453 996 extitit.
1491 966 1640 997 Confusa

229 1017 319 1048 enim
343 1017 463 1048 timore
480 1026 540 1057 per
555 1017 783 1056 ignorantiam
798 1022 992 1057 serpentem
1009 1017 1105 1047 calce
1122 1017 1258 1056 pressit,
1275 1017 1368 1057 cujus
1384 1026 1496 1048 morsu
1520 1018 1641 1049 stricta

228 1070 390 1101 concidit.
435 1070 518 1110 Ejus
535 1069 704 1100 desiderio
718 1070 870 1109 AEsacus,
893 1080 935 1100 ne
951 1069 1076 1101 diutius
1098 1070 1249 1101 dolorem
1265 1070 1420 1110 sentiret,
1437 1080 1454 1100 e
1470 1075 1584 1101 monte
1606 1070 1641 1100 in

229 1122 420 1162 subjectum
444 1122 586 1162 pelagus
601 1132 636 1153 se
658 1122 910 1163 praecipitavit:
943 1122 1013 1163 qui,
1033 1122 1228 1164 priusquam
1251 1127 1472 1164 mergeretur,
1486 1122 1521 1153 in
1545 1132 1642 1154 avem

229 1175 342 1207 cessit.
388 1175 491 1216 [Haec
516 1185 653 1216 aequora
681 1179 783 1217 amat,
805 1185 992 1218 nomenque
1015 1177 1121 1218 mergi
1147 1181 1253 1217 tenet,
1269 1177 1348 1218 quia
1365 1185 1461 1207 amne
1476 1175 1644 1216 mergitur

229 1228 317 1268 illo.]

188 1303 314 1361 Hos
333 1322 491 1375 aliquis
512 1323 660 1364 senior
681 1323 842 1363 circum
861 1323 971 1363 freta
990 1323 1080 1364 lata
1099 1323 1296 1364 volantes

187 1387 368 1441 Spectat
385 1402 394 1430 t
427 1392 471 1429 et
492 1390 549 1430 ad
569 1390 700 1430 finem
719 1394 917 1432 servatos
937 1391 1089 1432 laudat
1109 1403 1291 1432 amores.
1555 1390 1641 1431 750

194 1453 444 1505 Proximus,
466 1460 540 1497 aut
560 1457 689 1506 idem,
710 1458 747 1497 si
768 1458 858 1498 sors
878 1458 990 1507 tulit,
1014 1458 1106 1498 Hic
1128 1470 1318 1511 quoque,
1341 1456 1469 1507 dixit,

190 1519 336 1570 Quem
358 1535 474 1562 mare
495 1528 759 1575 carpentem,
782 1524 1100 1577 substrictaque
1122 1536 1248 1565 crura
1265 1526 1499 1575 gerentem,

188 1586 389 1641 AspiciS‚
408 1589 664 1643 (ostendens
685 1591 925 1643 spatiosum
949 1595 1120 1642 guttura
1141 1587 1372 1643 mergum,)

191 1653 334 1707 Regia
350 1656 592 1708 progenies,
614 1659 670 1705 et,
689 1657 727 1695 si
749 1656 1012 1696 descendere
1029 1657 1085 1696 ad
1103 1657 1252 1709 ipsum

194 1719 356 1761 Ordine
374 1727 584 1775 perpetuo
606 1723 784 1775 quaeris,
809 1726 909 1762 sunt
928 1722 1058 1775 hujus
1077 1723 1197 1773 origo
1557 1721 1647 1762 755

189 1849 264 1880 pore
278 1840 407 1881 hyemis,
421 1841 502 1872 nidis
513 1842 691 1873 natantibus
701 1852 792 1882 super
805 1841 895 1873 mari.
945 1842 1020 1872 Tum
1033 1841 1194 1880 navigatio
1206 1850 1314 1872 secura
1325 1850 1382 1880 per
1393 1850 1494 1881 oequor
1505 1850 1515 1870 .-
1536 1841 1648 1871 AEolus

191 1883 354 1922 compescit
369 1893 472 1922 auras,
488 1888 517 1915 et
527 1884 667 1924 prohibet
684 1885 856 1925 exspatiari
873 1895 884 1920 ,·
905 1888 996 1924 atque
1010 1884 1148 1915 concedit
1163 1893 1247 1914 qnare
1260 1883 1431 1924 nepotibus.

238 1933 286 1955 xl.
308 1925 411 1956 Senex
433 1927 546 1966 aliquis
570 1927 684 1967 aspicit
711 1928 846 1958 volantes
868 1928 983 1957 circum
1009 1929 1098 1957 vasta
1118 1926 1217 1957 maria
1227 1936 1239 1962 ;
1261 1930 1354 1966 atque
1370 1924 1512 1956 laudibus
1526 1924 1647 1956 extollit

192 1977 310 1998 amores
324 1969 498 2000 inviolatos.
520 1970 699 2008 Proximus,
715 1969 861 2007 aectforte
872 1969 964 2009 idem,
976 1969 1012 1999 H
1013 1969 1041 1999 ic
1051 1969 1156 2008 etium,
1171 1968 1285 2008 inquit,
1295 1978 1384 2008 quem
1397 1969 1480 1998 vides
1489 1968 1646 2006 stringen-

193 2013 254 2040 tem
264 2020 380 2050 (equor,
392 2014 483 2051 atque
497 2012 658 2043 habentem
672 2012 764 2043 tibias
771 2013 868 2043 exiles
882 2011 1066 2052 (ostendens
1080 2021 1218 2050 mergum
1228 2011 1280 2050 qui
1294 2011 1385 2041 habet
1388 2010 1498 2048 fauces
1506 2008 1646 2049 amplas)

193 2055 237 2082 est
251 2062 290 2083 ex
300 2054 389 2093 prole
402 2054 506 2094 regia,
529 2058 572 2094 ct,
587 2055 614 2085 si
629 2055 716 2096 cupis
730 2055 872 2086 devenire
887 2056 927 2085 ad
943 2056 1042 2094 ipsum
1055 2054 1134 2084 serie
1147 2054 1304 2092 continua,
1320 2057 1390 2083 suut
1405 2053 1494 2091 huJ'us
1506 2051 1646 2091 majores,

801 2131 1036 2143 eeeeeeeeeee

196 2180 286 2209 solut.
303 2182 464 2210 esu—74⁷
488 2180 605 2211 Heius.
619 2181 767 2212 malebat
781 2181 862 2212 mari
879 2184 936 2212 est.
959 2181 995 2212 S.
1011 2180 1123 2211 Marci
1140 2180 1224 2209 Tunc
1230 2178 1316 2217 jacet
1329 2179 1411 2209 unda
1426 2178 1521 2209 maris
1534 2188 1544 2208 :
1565 2180 1650 2210 vent:

194 2223 302 2251 -749
325 2222 360 2251 S.
385 2222 495 2252 Marci
509 2224 715 2261 se21.j1t⁷1ctz'112
724 2223 804 2261 fret.
829 2224 920 2253 Dein
937 2223 1011 2254 Pal.
1029 2227 1109 2252 tert.
1137 2222 1192 2252 lat.
1207 2224 1471 2260 vagantes—751
1496 2220 1648 2251 Berolin.

195 2263 222 2293 si
247 2272 310 2293 sors
322 2263 489 2294 tau—752
512 2263 735 2304 Subtractaque
767 2265 871 2296 Polit.
896 2269 931 2295 et
947 2263 990 2294 A.
1014 2264 1225 2303 succinctaque
1252 2263 1354 2294 Barb.
1380 2262 1472 2294 Med.
1499 2261 1586 2303 Arg.
1611 2266 1649 2293 et

194 2305 329 2345 Thysii:
353 2308 566 2345 constraeaqne
592 2307 675 2337 Exc.
710 2307 889 2346 Langen-m.
919 2307 1051 2337 subnixa
1080 2306 1283 2337 heich—753
1309 2305 1468 2346 Plerique
1496 2309 1582 2336 vett.
1613 2304 1648 2335 in

193 2351 335 2386 gutture,
364 2348 416 2378 vel
430 2349 578 2386 gurgite:
603 2357 655 2388 pr.
673 2348 767 2379 Med.
784 2359 837 2388 pr.
865 2349 992 2379 Twisd.
1017 2353 1052 2379 et
1076 2358 1163 2379 uuus
1189 2348 1278 2378 Mor.
1303 2350 1444 2387 gutture,
1460 2347 1581 2378 omisso
1595 2346 1649 2377 iu.-

194 2393 326 2427 guttura
343 2395 395 2421 est
410 2399 452 2421 ex
471 2390 590 2421 Heius.
606 2391 740 2423 emend.
759 2396 796 2422 ut
810 2392 853 2422 sit
866 2391 1192 2423 Graecisms—755
1216 2390 1256 2421 In
1271 2399 1336 2421 uno
1349 2389 1480 2421 Ciofan.
1494 2388 1560 2427 fuit
1585 2398 1648 2430 pro

851 2487 990 2518 NOTAE

238 2560 302 2590 746
326 2558 436 2599 Malis]
463 2560 588 2590 Eorum
599 2559 703 2591 habes
716 2560 895 2601 descripti·
949 2560 1168 2600 Ganymedes
1178 2558 1302 2591 fratres
1315 2558 1464 2598 fuerunt,
1474 2557 1533 2589 filii
1543 2557 1650 2589 Trois.

197 2618 295 2640 onem
312 2609 401 2649 apud
413 2609 573 2642 Plinium.
594 2611 661 2642 Sed
675 2611 895 2643 Plutarchum
949 2612 1002 2642 Ex
1025 2611 1077 2642 Ilo
1093 2615 1192 2641 natus
1213 2609 1420 2648 Laomedon,
1442 2618 1484 2639 ex
1506 2609 1647 2639 Laome-

197 2659 252 2690 adi
269 2659 456 2699 praesertim
473 2659 515 2690 de
532 2660 773 2702 Halcyonibus.
950 2661 1053 2692 donte
1068 2660 1237 2699 Priamus,
1251 2659 1307 2700 qui
1322 2658 1513 2698 AEsaci,seu
1529 2657 1650 2697 mergi,

241 2712 303 2741 748
328 2709 512 2750 Nepotibus]
553 2711 607 2741 Ex
629 2711 806 2751 Halcyone
828 2710 896 2742 filia
949 2711 992 2742 de
1007 2720 1071 2751 quo
1088 2720 1174 2741 nunc
1187 2710 1311 2750 agitur,
1324 2708 1389 2741 fuit
1406 2713 1525 2750 pater3
1551 2712 1587 2739 ut
1605 2717 1647 2738 ex

199 2759 398 2798 procreatis.
950 2761 1101 2792 Homero
1117 2762 1235 2802 liquet.

243 2811 303 2839 755
328 2809 407 2840 Sunt
425 2809 527 2850 hujus]
558 2810 895 2853 Ilus,Assaracus,et
