1831 3023
238 211 351 258 1212
725 224 765 260 Ρ.
798 228 957 260 ovrnn
990 224 1201 261 NASONIS

239 321 363 363 Idem
385 333 481 375 ego,
504 334 602 363 cum
622 321 776 365 fratres
797 325 911 366 coelo
934 338 1029 365 sum
1047 328 1201 366 nactus
1223 327 1388 378 apertO,

236 388 377 443 (Nam
398 388 502 429 mihi
522 401 704 443 campus
726 392 763 431 is
783 389 883 442 est,)
901 396 1022 432 tanto
1044 392 1263 432 molimine
1282 393 1438 440 luctor,

236 451 301 496 Ut
319 454 490 495 medius
509 457 669 497 nostris
692 458 976 496 concursibus
997 459 1158 498 intonet
1179 459 1338 510 aether3
1605 454 1690 500 695

237 521 545 574 Exsiliantque
568 524 690 561 cavis
712 522 808 561 elisi
826 522 1018 560 nubibus
1039 523 1175 573 ignes.

236 587 363 629 Idem
385 600 483 639 ego,
506 601 604 628 cum
627 588 741 628 subii
761 599 960 627 convexa
980 587 1191 628 foramina
1210 594 1352 639 terroe,

237 654 552 707 Supposuique
573 655 697 695 ferox
717 655 817 694 imis
839 666 938 694 mea
957 657 1080 705 terga
1100 657 1321 707 cavernis3

235 720 422 761 Solicito
443 734 605 771 manes,
633 726 856 773 totumque
877 721 1135 761 tremoribus
1158 722 1317 762 orbem.

237 784 339 828 Hac
360 801 444 841 ope
467 789 700 829 debueram
723 787 937 827 thalamos
959 787 1159 840 petiisse:
1191 800 1399 841 socerque
1605 787 1690 828 700

235 854 339 895 Non
361 856 544 895 orandus
562 859 666 902 erat,
689 853 767 893 sed
789 854 834 894 vi
854 853 1095 903 faciendus,
1116 853 1390 895 Erechtheus.

235 921 352 962 Haec
376 922 557 967 Boreas,
581 923 656 959 aut
676 919 743 960 his
764 933 851 960 non
872 919 1075 960 inferiora
1092 921 1280 970 loeutus,

234 986 447 1028 Excussit
469 997 651 1037 pennas.
713 985 913 1035 Quarum
928 987 1168 1040 jaetatibus
1190 988 1331 1027 omnis

235 1051 399 1093 Afflata
423 1056 491 1092 est
511 1053 636 1092 tellus
655 1066 665 1103 ;
696 1053 920 1106 latumque
941 1055 1177 1106 perhorruit
1198 1067 1360 1106 aequor.

234 1119 585 1170 Pulvereamque
608 1120 782 1160 trahens
801 1134 879 1173 per
901 1134 1072 1160 summa
1094 1122 1320 1161 eacumina
1338 1120 1515 1173 pallam,
1603 1118 1688 1160 705

232 1185 379 1226 Verrit
396 1187 573 1226 humum
591 1200 599 1227 :
631 1187 925 1240 pavidamque
946 1192 1066 1227 metu
1086 1188 1270 1239 caligine
1291 1192 1430 1229 tectus

233 1251 465 1305 Orithyian
487 1266 637 1293 amans
659 1252 790 1294 fulvis
812 1254 1089 1306 amplectitur
1109 1253 1208 1294 alis.

233 1319 352 1359 Dum
371 1321 506 1369 volat,
526 1324 724 1361 arserunt
745 1321 896 1373 agitati
918 1321 1072 1361 fortius
1093 1322 1227 1373 ignes.

233 1384 331 1425 Nec
352 1386 475 1438 prius
496 1384 601 1426 aerii
623 1400 778 1427 cursus
800 1387 1050 1441 suppressit
1069 1386 1280 1436 habenas,

232 1537 304 1575 Ego
317 1537 410 1575 idem,
426 1548 493 1570 cum
507 1539 626 1570 incurri
637 1540 670 1570 in
677 1539 799 1578 fratres
810 1540 843 1571 in
856 1544 942 1571 vasto
955 1541 1038 1580 coelo,
1049 1550 1120 1571 nam
1132 1540 1159 1570 is
1171 1540 1247 1570 mihi
1261 1543 1307 1570 est
1321 1549 1456 1580 campus,
1474 1542 1561 1571 tanto
1576 1543 1688 1571 conatu

230 1582 325 1617 certo,
342 1583 376 1609 ut
392 1581 445 1611 a'er·
469 1582 585 1612 medius
604 1586 745 1621 personet
760 1583 874 1613 nostris
894 1583 1124 1619 certaminibus,
1149 1586 1178 1613 et
1187 1582 1327 1622 flammae
1342 1586 1455 1613 coactae
1471 1586 1631 1622 erumpant
1647 1593 1688 1613 ex

231 1622 341 1661 amplis
354 1623 493 1653 nubibus.
542 1625 609 1662 Ego
626 1625 707 1654 idem
732 1635 800 1655 cum
825 1625 942 1656 intrari
969 1635 1059 1655 caras
1082 1626 1241 1664 speluncas
1265 1629 1370 1663 terrae,
1397 1628 1427 1655 et
1442 1634 1532 1665 asper
1556 1625 1686 1669 submisi.

231 1673 331 1694 meum
345 1665 469 1695 dorsum
485 1665 598 1706 infimis
611 1667 720 1704 antris,
735 1668 955 1705 perterrefacio
977 1668 1107 1698 Umbras
1120 1670 1148 1697 et
1165 1670 1263 1697 totum
1278 1669 1436 1698 mundum.
1484 1668 1571 1706 Opus
1576 1666 1688 1704 fuerat

231 1705 347 1736 ambire
362 1709 487 1746 nuptias
499 1708 548 1736 his
563 1708 669 1746 opibus
680 1718 691 1743 ;
715 1712 745 1738 et
764 1709 954 1740 Erechtheus
970 1713 1037 1740 erat
1056 1710 1213 1748 parandus
1228 1719 1313 1739 socer
1327 1719 1382 1748 per
1397 1709 1472 1746 rim,
1501 1719 1558 1738 non
1573 1718 1688 1746 rogan-

231 1748 298 1777 dus.
344 1748 514 1787 Postquam
531 1750 650 1779 Boreas
664 1750 728 1780 haec
742 1751 886 1789 dixisset,
911 1755 964 1782 aut
979 1762 1039 1781 non
1055 1752 1174 1781 minora
1191 1751 1273 1788 istis,
1299 1751 1433 1789 agitavit
1447 1760 1586 1790 peunas;
1610 1760 1686 1789 qua-

229 1798 299 1818 rum
314 1790 447 1819 motibus
462 1793 528 1820 tota
542 1794 626 1821 terra
641 1795 687 1821 est
709 1793 827 1833 afflata,
852 1797 881 1823 et
907 1796 1026 1823 vastum
1048 1803 1132 1823 mare
1149 1792 1308 1829 fremuit:
1331 1797 1423 1832 atque
1447 1794 1559 1822 ducens
1573 1793 1687 1832 pallam

227 1831 470 1870 pulverulentam
484 1842 540 1871 per
555 1843 696 1873 suprema.
713 1835 863 1873 fastigia,
890 1838 1043 1876 expurgat
1070 1838 1200 1874 terram,
1224 1838 1255 1865 et
1270 1835 1416 1866 obductus
1430 1834 1566 1865 tenebris
1579 1844 1687 1866 amans

230 1873 457 1912 comprehendit
475 1875 575 1913 nigris
589 1876 648 1906 alis
675 1877 854 1917 Orithyiam
879 1878 988 1908 timore
1002 1887 1200 1916 exsanguem.
1247 1878 1333 1907 Dum
1346 1878 1440 1916 volat,
1459 1877 1600 1917 flammoe
1615 1887 1685 1908 con·

230 1924 325 1946 cussae
340 1917 472 1947 validius
487 1921 680 1949 oestuarunt:
703 1929 797 1959 neque
808 1922 881 1950 ante
892 1922 998 1960 praedo
1014 1921 1079 1950 lora
1091 1920 1192 1951 traxit
1205 1923 1258 1950 aut
1272 1920 1405 1950 cohibuit
1422 1929 1543 1950 cursum
1557 1919 1686 1960 a'e'rium,

836 2021 1071 2033 oooooooooooo

228 2090 309 2120 lect.
328 2090 538 2121 dedu—694
564 2091 603 2120 In
621 2091 791 2122 Dominic.
809 2091 923 2121 malim.
939 2092 1158 2121 verton—695
1174 2090 1248 2120 Sec.
1265 2089 1339 2120 Pal.
1358 2094 1393 2120 et
1410 2089 1569 2121 Heidelb.
1585 2094 1683 2122 nostr.

227 2131 439 2167 concussibus;
463 2133 556 2163 Med.
582 2133 766 2164 incursibus.
801 2133 944 2162 Plurimi
970 2132 1074 2162 etiam
1100 2133 1229 2162 insonet.
1262 2131 1301 2161 In
1329 2141 1393 2162 uno
1418 2131 1549 2162 Ciofani
1565 2137 1685 2164 resonet

227 2177 469 2205 concurs—697
509 2175 617 2205 Grou.
649 2176 764 2205 devexa
797 2175 1024 2212 foram—699
1059 2174 1141 2205 Cod.
1178 2173 1333 2204 Menard.
1364 2174 1538 2204 tonitrubus
1573 2174 1684 2205 orb.—

227 2219 289 2247 701
314 2215 383 2246 Alii
399 2220 466 2246 erat
483 2217 558 2246 mihi
575 2217 884 2253 sedfaciemi.—703
907 2216 982 2246 Sec.
999 2217 1093 2247 Med.
1112 2219 1146 2246 et
1163 2217 1249 2246 alter
1265 2216 1348 2247 Cod.
1375 2216 1535 2246 Concussit
1547 2226 1684 2256 penu.—

228 2261 290 2289 705
316 2258 410 2289 Leid.
436 2263 471 2288 et
497 2259 533 2289 R.
567 2259 830 2298 Purpureamque.
857 2260 899 2289 V.
927 2264 961 2288 ot
988 2258 1080 2288 Med.
1110 2263 1189 2288 tert.
1225 2268 1338 2288 cacum.
1365 2259 1593 2297 pellem—706
1617 2260 1684 2291 Ms.

227 2301 358 2332 Bersm.
384 2302 560 2340 pavidamq.
584 2304 694 2340 petens
720 2301 851 2339 caligine
881 2304 1102 2340 pectus—707
1129 2300 1270 2330 Plurimi
1306 2300 1495 2340 Orithyiam.
1539 2301 1580 2331 In
1610 2305 1682 2333 vet.

228 2341 361 2374 Ciofani
381 2343 559 2383 Orithyiam
574 2344 731 2374 adamans.
768 2343 871 2374 Multi
899 2343 998 2373 etiam
1016 2343 1227 2382 complectitur
1242 2352 1305 2383 pro
1322 2344 1570 2383 amplicem—709
1586 2343 1681 2375 Unus

879 2467 1018 2498 NOTAE

270 2555 331 2584 695
353 2552 397 2582 Ut
410 2552 540 2591 medius]
557 2552 640 2583 Plus
652 2562 750 2593 quam
767 2553 847 2583 satis
863 2553 925 2583 sibi
1023 2556 1085 2584 703
1110 2552 1249 2591 Pennas]
1284 2553 1377 2585 Quas
1404 2552 1514 2582 ventis
1541 2550 1678 2593 affigere

228 2601 362 2644 plaudit
388 2601 535 2631 Boreas:
573 2602 631 2632 sed
655 2602 925 2642 philosophorum
981 2604 1023 2634 ob
1041 2604 1186 2633 celerem
1203 2608 1329 2633 motum
1347 2603 1509 2643 placitum
1526 2603 1646 2642 poetis.

228 2656 284 2683 επ
311 2655 422 2682 tantos
443 2651 510 2690 ejus
535 2651 662 2682 animos
682 2653 884 2690 retundere;
908 2663 927 2683 a
1021 2656 1081 2683 705
1121 2654 1315 2693 Pulreream]
1350 2654 1494 2692 Elegans
1521 2652 1677 2693 profecto

229 2701 349 2742 quibus
385 2699 561 2731 fulminum
598 2702 773 2743 propiores
810 2712 926 2733 causas
981 2703 1100 2733 Boreae
1115 2703 1195 2733 sicci
1212 2704 1304 2734 venti
1321 2703 1515 2743 descriptio.

233 2750 341 2782 discet
359 2749 416 2791 qui
432 2749 535 2781 volet.
1024 2756 1086 2785 708
1111 2753 1218 2794 Ignes]
1241 2754 1399 2786 Amorem
1415 2753 1508 2786 dicit.
