1831 3023
542 187 1012 223 iinrAuouPirosssou
1045 190 1141 223 mn.
1172 192 1268 223 xu.
1515 184 1628 227 1537

183 285 462 341 Insequitur:
492 286 570 327 sed
587 297 674 326 non
693 284 739 326 in
758 289 801 328 te
821 299 995 341 quoque
1014 285 1211 328 constitit
1228 285 1345 327 idem

183 353 368 397 Exitus:
399 354 592 397 assiduae
612 365 820 394 successu
841 354 977 396 caedis
997 356 1214 405 ovantem,

185 420 289 471 Qua
302 422 458 476 juncta
476 424 542 462 est
557 420 737 460 humero
758 422 923 471 cervix,
944 420 1054 462 sude
1074 420 1172 474 figis
1187 421 1361 462 obusta.
1634 454 1637 455 γ

185 487 417 542 Ingemuit,
433 488 632 541 duroque
651 486 806 528 sudem
825 488 905 528 vix
926 501 1026 529 osse
1044 488 1210 529 revellit
1550 485 1635 528 300

185 553 376 596 Rhoetus
394 569 406 606 ;
435 558 477 595 et
495 555 592 607 ipse
613 565 695 593 suo
716 554 989 596 madefactus
1010 555 1216 607 sanguine
1236 555 1358 608 fugit.

185 622 320 674 Fugit
339 626 383 663 et
403 621 590 670 Orneus,
613 620 920 674 Lycabasque,
942 625 985 661 et
1004 622 1183 662 saucius
1205 634 1328 663 anno

185 689 449 730 Dexteriore
472 687 654 737 Medon,
677 692 724 728 et
744 701 843 728 cum
865 687 1078 728 Pisenore
1099 688 1321 729 Thaumas
1339 703 1348 730 :

185 755 364 809 Quique
386 756 545 809 pedum
564 767 703 808 nuper
723 754 960 795 'certamine
982 754 1147 794 vicerat
1168 766 1316 795 omnes

185 823 443 871 Mermeros,
466 825 654 875 accepto
675 835 791 862 nunc
812 822 991 862 vulnere
1013 822 1183 862 tardius
1203 822 1321 863 ibat:
1554 822 1641 865 :305

184 889 242 932 Et
261 889 444 938 Pholus,
464 894 507 930 et
528 889 771 939 Melaneus,
791 895 833 930 et
852 889 977 930 Abas
997 889 1222 942 praedator
1242 903 1445 943 aprorum
1463 904 1472 932 :

186 956 364 1012 Quique
385 957 479 997 suis
499 956 657 998 frustra
674 957 836 997 bellum
858 956 1126 997 dissuaserat
1146 969 1284 1009 augur

186 1023 385 1078 Astylos.
446 1023 527 1064 Ille
547 1023 677 1064 etiam
697 1025 905 1065 metuenti
927 1023 1105 1064 vulnera
1136 1023 1299 1073 Nesso,

188 1091 262 1134 Ne
282 1092 403 1144 fuge;
435 1091 494 1131 ad
518 1090 777 1140 Herculeos,
798 1091 958 1144 inquit,
980 1090 1220 1130 servaberis
1243 1102 1387 1132 arcus.

186 1157 251 1199 At
269 1172 357 1200 non
383 1157 671 1211 Eurynomus,
693 1156 986 1210 Lycidasque,
1007 1161 1049 1198 et
1068 1154 1225 1206 Areos,
1246 1160 1289 1198 et
1310 1157 1509 1199 Imbreus
1556 1155 1643 1198 310

187 1225 390 1278 Effugere
411 1238 565 1266 necem
582 1238 591 1265 ε
622 1237 736 1278 quos
755 1237 909 1265 omnes
927 1224 1083 1265 dextra
1102 1224 1310 1278 Dryantis

190 1293 383 1335 Perculit
401 1293 626 1334 adversos.
686 1291 938 1333 Adversum
958 1295 1005 1332 tu
1026 1304 1216 1345 quoque,
1240 1291 1442 1344 quamvis

188 1361 333 1414 Terga
350 1361 466 1414 fugae
486 1360 681 1408 dederim,
702 1360 880 1408 vulnus,
900 1357 1097 1406 Crenaee,
1118 1358 1274 1397 tulisti.

192 1427 310 1469 Nam
330 1441 478 1481 grave,
498 1426 753 1480 respiciens,
773 1425 882 1465 inter
901 1425 987 1465 duo
1006 1424 1173 1466 lumina
1192 1424 1365 1475 ferrum,

184 1552 317 1594 flamma
332 1553 447 1584 circum
461 1555 554 1592 caput
569 1554 660 1583 acta:
683 1560 789 1582 cerum
811 1560 964 1582 successus
987 1561 1048 1583 non
1066 1550 1135 1588 fuit
1161 1550 1257 1582 etiam
1275 1550 1356 1582 idem
1377 1549 1410 1581 in
1433 1553 1484 1581 te.-
1506 1549 1649 1582 cnlneras

189 1596 310 1636 pertica
333 1598 467 1636 praeusta
490 1594 734 1634 triumphantem
758 1603 897 1625 successu.
922 1594 1017 1624 caedis
1036 1594 1190 1624 continuoe
1203 1603 1262 1633 qua
1276 1597 1374 1633 parte
1388 1594 1497 1623 collum
1511 1594 1651 1624 commis-

191 1648 258 1669 sum
273 1641 318 1669 est
334 1639 469 1669 humero.
516 1637 647 1667 Rhoetus
673 1636 836 1675 ingemuit,
865 1636 978 1675 vixque
1002 1636 1138 1666 excussit
1159 1636 1310 1675 perticam
1332 1645 1396 1666 osse
1410 1636 1525 1675 rigido,
1541 1636 1652 1676 etipse

193 1690 370 1720 conspersus
384 1690 438 1710 suo
453 1680 601 1718 sanguine
615 1678 767 1718 profugit.
813 1678 941 1709 Recedit
968 1677 1063 1708 eliam
1093 1679 1225 1715 Orneus,
1251 1681 1343 1717 atque
1358 1678 1511 1718 Lycabas,
1537 1681 1567 1709 et
1585 1679 1654 1708 Me-

193 1723 253 1752 don
266 1723 441 1753 vulneratus
454 1722 578 1752 humero
592 1722 714 1759 dextro,
738 1720 869 1759 itemque
898 1720 1053 1751 Thaumas
1077 1730 1145 1750 cum
1168 1720 1327 1757 Pisenore,
1350 1723 1439 1759 atque
1463 1719 1653 1758 Mermems,

194 1765 247 1805 qui
263 1774 359 1805 nuper
370 1766 566 1804 superarerat
579 1772 681 1793 omnes
695 1763 860 1793 certamine
874 1763 995 1802 pedum,
1003 1762 1072 1800 jam
1083 1762 1176 1801 plaga
1191 1763 1324 1802 impacta
1338 1762 1464 1800 segnius
1479 1761 1651 1800 incedebat,

196 1811 225 1837 et
246 1807 370 1845 Pholus,
386 1810 416 1837 et
435 1807 606 1843 Melaneus,
622 1808 653 1835 et
669 1804 754 1835 Abas
766 1808 890 1835 venator
905 1814 1060 1844 aprorum,
1075 1807 1104 1835 et
1120 1805 1250 1845 Ast-illus
1265 1807 1362 1843 tates,
1384 1805 1437 1843 qui
1453 1804 1654 1844 nequicquam

198 1850 378 1880 dehortatus
401 1852 466 1880 erat
493 1858 562 1878 suos
587 1858 606 1877 a
630 1857 746 1887 pugna.
792 1847 850 1877 Ille
872 1857 987 1888 quaque
1001 1847 1083 1878 dixit
1103 1846 1201 1877 Nesso
1217 1846 1274 1876 sibi
1289 1846 1410 1877 carenti
1432 1857 1450 1876 a
1466 1846 1654 1885 vulneribus,

202 1893 251 1923 Ne
265 1890 423 1932 aufugias,
438 1890 608 1922 sert-aberis
622 1890 710 1920 arcui
727 1889 889 1921 Herculeo.
934 1891 980 1920 At
998 1890 1206 1930 Eurynomus,
1230 1892 1261 1919 et
1286 1888 1429 1930 Lycidas,
1454 1892 1483 1920 et
1500 1889 1610 1928 Areus,
1624 1892 1654 1919 et

201 1934 352 1973 Imbreus,
368 1944 427 1964 non
442 1934 616 1964 vitaverunt
631 1935 772 1969 mortem,
794 1942 869 1972 quos
882 1941 984 1962 omnes
997 1932 1147 1972 oppositos
1162 1933 1276 1962 dextra
1295 1931 1453 1971 Dryantis
1474 1932 1656 1971 prostravit.

203 1977 248 2007 Tu
256 1987 332 2017 quoq
338 1986 373 2015 ue
385 1977 411 2006 C
412 1986 524 2014 renoee,
533 1984 701 2015 quanquam
713 1978 804 2013 terga
816 1978 951 2005 verteras
963 1975 994 2005 in
999 1974 1123 2013 sugam,
1133 1973 1279 2014 accepisti
1288 1975 1412 2013 plagam
1424 1974 1455 2004 in
1470 1977 1559 2013 parte
1568 1977 1654 2004 ante·

200 2020 280 2050 riore
294 2030 305 2055 ,·
331 2029 400 2049 narn
415 2021 499 2049 retro
512 2021 653 2058 spectans
667 2017 780 2057 accipis
793 2027 891 2056 grate
898 2016 1025 2055 serranz
1039 2017 1120 2048 inter
1129 2018 1204 2047 duos
1218 2016 1318 2047 oculos
1332 2026 1391 2056 qua
1406 2026 1499 2047 nasus
1505 2016 1656 2056 jungitur

811 2100 1046 2112 eeeeeeeeeeee

201 2158 302 2190 etiam
322 2157 456 2197 Conjicit
475 2165 535 2197 pro
555 2156 822 2187 Condidit-296
846 2154 997 2185 Berolin.
1025 2155 1252 2194 Dryas—299
1278 2153 1440 2185 Heidelb.
1467 2163 1548 2184 cerv.
1572 2153 1656 2185 hum.

202 2201 344 2233 Plurimi
372 2199 475 2231 etiam
490 2199 554 2240 fig.
577 2198 710 2235 abusta,·
733 2198 799 2228 duo
825 2198 958 2233 aduam·
982 2196 1127 2228 totidem
1152 2200 1364 2228 ασκεω-300
1388 2196 1433 2227 0.
1455 2196 1513 2226 Ter
1523 2197 1657 2235 gemuit.

206 2245 260 2275 Fr.
277 2250 312 2274 et
330 2243 387 2272 alii
411 2251 469 2272 oss.
484 2241 624 2272 revulsit.
669 2241 818 2272 Beroliu.
835 2239 1136 2280 Latiumque—305
1164 2241 1253 2270 Nunc
1275 2249 1316 2270 ex
1347 2238 1444 2270 Med.
1467 2243 1504 2270 et
1528 2237 1658 2279 Sprotii

207 2295 268 2326 pro
301 2285 391 2323 vulg.
420 2287 504 2315 tunc.
553 2283 693 2314 Plurimi
717 2284 801 2314 ruln.
830 2283 1072 2313 mulien—306
1106 2283 1185 2313 Duo
1212 2282 1272 2314 Ab.
1298 2285 1425 2313 venator
1450 2291 1517 2321 apr.
1562 2281 1658 2312 Unus

206 2329 327 2360 Heius.
343 2328 441 2367 praed.
456 2328 718 2366 equorum—308
742 2326 819 2356 Bas.
835 2331 869 2356 et
886 2325 999 2364 Thysii
1014 2325 1106 2356 etiam
1115 2325 1272 2365 fugienti,
1294 2330 1332 2355 ut
1359 2324 1403 2355 sit
1431 2323 1592 2364 repe-titio
1616 2332 1659 2354 ex

204 2380 297 2402 more
315 2368 608 2401 Ovidian0.—³09
631 2367 733 2398 Multi
749 2367 918 2398 servaberis
935 2368 1131 2398 Μαι-312
1153 2368 1283 2398 Thuan.
1310 2368 1452 2398 Perculit
1479 2367 1657 2397 adiu—313

208 2413 357 2446 Berolin.
374 2411 447 2452 sug.
474 2412 611 2442 dederas.
657 2410 746 2440 Olim
764 2410 942 2450 edebatur,
967 2411 1094 2441 Caenee:
1117 2410 1249 2452 qnidam
1268 2410 1386 2440 Cor-nee
1412 2409 1464 2440 vel
1482 2411 1658 2439 Gornea—

867 2514 962 2546 NO'r
974 2515 1004 2545 113

250 2596 314 2625 299
355 2592 461 2632 figis]
495 2593 681 2632 Dryantem
711 2591 905 2632 alloquitur,
960 2590 1174 2622 intersectum
1191 2591 1347 2621 vidimus.

211 2643 305 2683 cujus
322 2653 455 2684 quoque
474 2643 643 2673 Homerus
661 2641 821 2674 meminit.
1004 2644 1065 2672 ³14
1093 2639 1283 2681 Respiciens]
1307 2638 1358 2669 Aa
1383 2636 1553 2667 historiam
1570 2633 1660 2666 forte

254 2696 317 2723 309
340 2692 534 2732 Sermberis]
558 2692 635 2724 Jam
654 2691 797 2722 Nessum
814 2691 906 2722 illum
962 2686 1545 2732 allmlitqunmrefertQuintilianus.
1565 2685 1662 2716 Pom-

212 2743 382 2775 Deinnirae
408 2743 473 2772 vim
502 2747 676 2782 parantem
692 2740 733 2771 ab
759 2740 907 2771 Hercule
963 2741 1082 2781 panius
1097 2740 1231 2781 quidam
1255 2738 1372 2768 vulnus
1390 2737 1494 2768 inore
1518 2743 1661 2776 accepe-

300 2796 418 2838 Daph.
434 2799 463 2827 ct
486 2795 558 2827 Var.
572 2796 657 2827 Clas.
890 2793 983 2825 ocia.
1504 2791 1521 2818 5
1548 2788 1575 2819 E
