1831 3023
509 219 980 256 METAMoRPHosEON
1015 221 1110 253 Lis.
1142 223 1230 254 vu.
1481 213 1594 255 1267

147 318 249 370 Qua
268 319 416 360 tulerit
432 314 642 362 mercede,
664 313 785 354 silet:
817 315 1051 366 tactusque
1073 312 1226 354 dolore

146 385 355 442 Conjugis
375 384 565 430 amissae,
585 380 793 433 lacrymis
813 381 876 421 ita
896 379 1009 421 fatur
1027 380 1192 421 obortis
1209 394 1218 421 ε

145 452 250 494 Hoc
271 466 352 502 me,
373 454 472 491 nate
493 448 606 497 Dea,
626 446 748 502 (quis
768 449 911 501 possit
931 447 1104 489 credere
1116 445 1159 502 Τ)
1178 448 1314 489 telum
1511 448 1596 490 690

147 519 272 560 Flere
290 518 412 566 facit,
429 514 651 567 facietque
673 514 762 563 diu,
786 515 825 555 si
846 516 997 555 vivere
1016 515 1145 555 nobis

147 586 262 627 Fata
283 585 358 626 diu
378 582 588 624 dederint.
651 580 755 621 Hoc
776 594 844 622 me
862 594 959 622 cum
981 582 1163 637 conjuge
1183 594 1285 623 cara

145 653 366 695 Perdidit:
395 651 480 692 hoc
501 649 668 690 utinam
689 649 930 689 caruissem
953 661 1128 690 munere
1151 649 1343 702 semper!

146 719 324 761 Procris
345 721 438 759 erat
456 716 518 772 (si
539 716 650 757 forte
669 716 810 768 magis
831 718 1031 769 pervenit
1053 715 1109 758 ad
1131 728 1257 758 aures

145 785 342 840 Orithyia
364 782 484 837 tuas)
501 787 640 837 raptae
662 795 785 824 soror
806 781 1035 838 Orithyiae.
1514 782 1599 825 695

145 852 195 894 Si
215 852 373 893 faciem
391 863 619 904 moresque
641 850 750 890 velis
772 849 969 891 conferre
991 851 1199 902 duarum3

145 920 335 973 Dignior
350 920 451 973 ipsa
470 919 582 972 rapi.
643 916 775 958 Pater
794 917 908 958 hanc
929 918 1035 958 mihi
1046 918 1192 973 junxit
1219 916 1502 958 Erechtheus:

145 985 278 1027 Hanc
298 986 404 1026 mihi
416 985 571 1040 junxit
590 983 740 1025 Amor.
805 984 935 1025 Felix
955 985 1149 1035 dicebar,
1171 997 1400 1038 eramque:

142 1052 211 1108 (N
213 1066 268 1094 on
286 1053 349 1094 ita
371 1052 458 1094 Dis
477 1053 620 1093 visum
641 1049 732 1106 est)
750 1064 801 1093 ac
821 1065 936 1093 nunc
955 1065 1130 1106 quoque
1146 1053 1327 1094 forsitan
1342 1065 1500 1094 essem.

145 1118 272 1160 Alter
293 1120 507 1172 agebatur
528 1122 633 1172 post
652 1131 781 1160 sacra
795 1118 967 1172 jugalia
986 1121 1173 1172 mensis;
1515 1121 1600 1161 700

146 1185 260 1228 Cum
277 1199 363 1237 me,
382 1187 619 1240 cornigeris
638 1186 889 1227 tendentem
911 1188 1017 1228 retia
1034 1188 1190 1237 cervis,

146 1253 321 1296 Vertice
341 1255 395 1295 de
418 1267 588 1296 summo
609 1267 778 1307 semper
798 1253 989 1294 florentis
1009 1254 1212 1308 Hymetti

145 1395 213 1426 quoe
238 1385 415 1416 indecorum
445 1389 491 1416 est
514 1384 642 1421 referre,
668 1388 697 1415 et
724 1394 783 1423 qua
808 1384 943 1414 mercede
969 1383 1144 1423 acceperim
1175 1386 1267 1424 atque
1289 1393 1418 1414 moerore
1440 1386 1605 1414 commotus

141 1431 271 1468 propter
286 1437 412 1458 uxorem
426 1427 593 1467 perditam,
614 1427 660 1458 sic
675 1426 798 1490 incipit,
823 1425 969 1466 lacrymis
988 1425 1235 1466 profluentibus.-
1267 1426 1337 1457 Hoc
1355 1426 1507 1465 jaculum,
1532 1429 1604 1457 nate

145 1470 228 1507 Dea,
252 1470 346 1510 (quis
358 1469 562 1510 possitfidem
577 1468 770 1506 adhibere.)
796 1468 875 1498 mihi
890 1471 989 1499 moret
997 1469 1108 1509 fletus,
1121 1471 1151 1499 et
1166 1468 1298 1499 movebit
1313 1469 1379 1508 diu,
1395 1480 1422 1500 st
1416 1468 1506 1507 'fata
1520 1468 1605 1499 nobis

143 1512 346 1544 concesserint
362 1512 463 1543 vicere
477 1512 545 1542 diu.
591 1511 662 1542 Hoc
686 1521 734 1542 me
758 1510 898 1551 prodidit
924 1520 992 1541 cum
1016 1511 1130 1542 dilecta
1154 1520 1270 1542 uxore:
1293 1511 1414 1542 utinam
1439 1512 1604 1542 caruissem

144 1564 263 1596 semper
277 1555 335 1585 isto
350 1555 445 1586 dono.
442 1554 453 1576 Ι
478 1554 603 1586 Procris
626 1554 676 1594 (si
692 1553 782 1592 forle
802 1554 909 1593 potius
933 1553 1083 1594 Orithyia
1105 1554 1247 1594 pervenit
1270 1555 1310 1584 ad
1325 1563 1414 1584 aures
1429 1554 1522 1593 tuas)
1537 1557 1603 1584 erat

143 1606 231 1629 soror
248 1597 405 1638 Orithyiae
419 1597 542 1629 ablatoe.
588 1596 704 1638 Atque
732 1595 891 1638 equidem
918 1596 986 1636 ipsa
1009 1597 1134 1635 dignior
1158 1596 1272 1637 abripi,
1297 1597 1325 1627 si
1342 1597 1416 1628 velis
1430 1605 1605 1637 componere

137 1639 276 1679 sormam
291 1643 322 1671 et
337 1649 435 1671 mores
450 1640 619 1680 utriusque.
663 1639 764 1670 Pater
791 1638 985 1670 Erechtheus
1007 1639 1085 1670 mihi
1108 1639 1186 1670 hanc
1202 1639 1287 1670 dedit
1304 1639 1484 1679 conjugem,·
1508 1640 1605 1671 Amor

146 1682 225 1713 hanc
240 1692 355 1713 mecum
369 1682 512 1713 sociarit.
557 1683 676 1713 Beatus
705 1680 865 1719 credebar,
889 1684 980 1721 atque
1004 1691 1110 1712 eram:
1130 1682 1214 1721 (non
1227 1682 1275 1712 ita
1296 1682 1446 1721 placitum
1461 1681 1559 1721 Diis)
1574 1683 1606 1711 et

146 1734 227 1755 nunc
239 1725 333 1756 etiam
346 1734 441 1756 essem
449 1724 549 1762 forte.
595 1724 752 1755 Secundus
768 1724 881 1754 mensis
906 1726 971 1754 erat
997 1727 1067 1763 post
1082 1724 1250 1764 sponsalia,
1275 1733 1344 1754 cum
1366 1725 1491 1755 Aurora
1507 1723 1606 1754 rutila

148 1776 196 1797 me
210 1767 358 1807 conspicit
371 1776 460 1798 mane
472 1766 609 1806 disiectis
622 1765 766 1806 tenebris,
792 1775 833 1796 ex
840 1764 978 1805 fastigio
995 1765 1143 1806 Hymetti
1156 1775 1276 1806 semper
1293 1766 1440 1806 florentis
1453 1767 1504 1807 qui
1517 1775 1607 1806 pone-

764 1860 997 1871 ‘amem

151 1916 203 1948 dit
225 1915 346 1948 Heius.
377 1925 419 1947 ex
442 1916 494 1947 Fi.
522 1915 556 1948 S.
584 1916 716 1954 Marci3
755 1916 813 1958 qui
838 1916 942 1948 habet
972 1916 1013 1951 Q.
1039 1926 1070 1956 p.
1096 1915 1118 1947 i.
1147 1926 1175 1947 r.
1204 1919 1338 1946 ceterum
1360 1924 1443 1945 narr.
1473 1915 1606 1954 pudori:

151 1959 242 1999 vulg.
266 1959 325 1997 res.
348 1962 378 1990 et
394 1962 494 1990 cetera
522 1963 595 1990 nota
615 1960 744 1999 pudore,
770 1959 824 1990 vel
848 1958 983 1999 pudori.-
1005 1959 1061 1990 alii
1090 1959 1169 1993 Quoe
1193 1958 1313 1997 patitur
1333 1959 1443 1997 pudor,
1479 1958 1530 1988 ille
1559 1967 1606 1988 re-

142 2000 234 2039 fert,
228 2011 236 2018 ·
258 2005 287 2032 et
304 2004 407 2032 cetera
430 2004 551 2039 narrat,
567 2002 618 2032 vel
632 2001 763 2042 differt,
758 2010 765 2017 ·
790 2002 880 2032 unde
904 2002 1019 2032 Burm.
1048 2001 1119 2036 Qua
1139 2001 1261 2039 patitur
1280 2001 1390 2039 pudor,
1413 2000 1464 2030 ille
1485 1999 1607 2037 refert,-

149 2046 181 2074 et
205 2046 308 2074 celera
333 2053 476 2082 narrans,
508 2044 591 2081 Qua,
621 2045 781 2081 ssa—689
820 2043 916 2074 Unus
947 2043 1042 2074 Med.
1072 2042 1161 2080 Coru‘.
1189 2042 1313 2072 avulsae.
1317 2045 1423 2072 —090
1456 2041 1605 2073 Berolin.

270 2088 341 2116 sset.
345 2089 448 2116 —695
476 2086 545 2125 Καρ
547 2090 588 2116 toe
607 2086 722 2116 Heins.
739 2084 835 2116 dedit
850 2094 893 2116 ex
909 2086 952 2115 V.
969 2089 1004 2116 et
1022 2085 1194 2117 Dominic.
1209 2084 1262 2114 vul
1318 2094 1460 2122 magnoe:
1484 2084 1517 2114 in
1535 2084 1608 2124 qui-

149 2095 260 2160 {aaa
240 2127 478 2169 amSpartae,q
483 2128 549 2159 nod
578 2127 700 2158 Heins.
728 2132 827 2168 putat
858 2137 919 2167 pro
944 2130 1078 2167 spretae:
1102 2127 1135 2156 in
1152 2135 1202 2165 pr.
1220 2094 1350 2157 Ειᾷυη.
1367 2130 1609 2166 εηῐρανταα-

147 2172 213 2202 696
234 2170 329 2202 Unus
347 2170 442 2202 Leid.
457 2176 493 2201 et
508 2180 592 2201 nnus
609 2169 740 2201 Timan.
756 2180 832 2201 mor.
856 2170 956 2202 velim.
959 2172 1065 2200 —698
1090 2168 1209 2200 Heius.
1237 2169 1325 2207 conj.
1348 2169 1443 2207 junx.
1473 2168 1609 2209 Hymen.

150 2215 259 2245 —699
282 2213 443 2254 Plerique
459 2213 660 2244 vetustiores
675 2216 708 2244 ae
723 2222 823 2250 nunc;
848 2216 917 2243 tres
933 2222 991 2248 ac,·
1014 2211 1194 2243 sec.1s·.1ed
1206 2215 1266 2247 αις
1291 2211 1340 2242 Fi.
1354 2212 1390 2242 S.
1408 2211 1519 2242 Marci
1535 2215 1610 2242 ane:

154 2255 275 2288 Heius.
289 2256 434 2297 conj.qu
395 2256 480 2296 quin.
483 2258 590 2287 —700
614 2256 702 2287 Mor.
726 2265 812 2286 unus
830 2256 938 2286 Nonus
958 2255 1047 2295 ageb.
1082 2253 1205 2286 Urbin.
1222 2254 1266 2285 N.
1284 2263 1352 2285 sec.
1371 2253 1464 2285 Med.
1478 2257 1545 2295 pose
1560 2264 1610 2285 ac·

150 2302 208 2337 ῆι,-
230 2298 308 2331 cod.
323 2299 473 2331 Strozzae
483 2298 590 2338 festa:
618 2298 738 2330 Heius.
765 2298 838 2330 vult
848 2301 952 2338 pacta.
956 2300 1060 2329 —702
1083 2296 1232 2330 Quidam
1248 2296 1405 2328 scribunt
1421 2296 1565 2337 Hymeti.
1568 2314 1610 2321 -—-

814 2401 955 2434 NOTAE

196 2479 260 2510 688
283 2477 442 2517 Mercede]
467 2476 586 2507 Procri
611 2485 733 2517 nempe
756 2476 854 2508 uxori
951 2478 1013 2507 695
1031 2473 1195 2515 Orithyia]
1221 2473 1404 2505 Erechthei
1427 2472 1609 2504 Athenien-

155 2535 218 2567 pro
244 2527 492 2558 communicato
522 2526 613 2557 lecto
633 2526 784 2567 jaculum
813 2526 855 2558 ab
909 2526 994 2558 sium
1014 2526 1101 2566 regis
1117 2524 1196 2563 filia,
1212 2534 1311 2566 quam
1328 2524 1370 2555 ob
1387 2522 1528 2554 formam
1545 2522 1608 2553 Bo-

156 2575 230 2616 ipss
245 2577 413 2616 Cephalus
429 2576 563 2616 accepit
578 2587 585 2606 2
613 2585 690 2607 cum
706 2586 780 2608 sese
796 2576 855 2608 illa
910 2586 985 2608 ress
1003 2566 1153 2616 rapuisse
1169 2574 1305 2606 dicitur.

157 2625 191 2656 in
202 2625 369 2666 hospitem
382 2630 566 2664 mutasset3
583 2635 675 2658 sinam
688 2635 768 2658 vero
779 2637 855 2660 esse
951 2627 1014 2657 ⁷02
1049 2623 1214 2666 Hymetti]
1263 2622 1331 2656 Qui
1364 2621 1487 2653 Atticae
1517 2630 1609 2653 mons

158 2674 327 2715 Cephalus
340 2684 406 2706 non
422 2675 648 2716 cognovisset.
909 2680 977 2716 est,
1007 2675 1135 2716 thymo,
1158 2673 1269 2713 melle,
1299 2671 1432 2712 apibus,
1459 2675 1495 2702 ct
1524 2679 1608 2702 unr-

201 2727 264 2756 090
288 2725 373 2767 Dee]
404 2725 581 2757 l'ssmsthe
608 2726 769 2767 nympha,
792 2726 857 2758 sci·
909 2735 1003 2759 more
1019 2725 1153 2758 nobilis.

158 2775 253 2817 lieet,
270 2785 370 2819 quam
387 2775 492 2808 Phoci
505 2781 648 2809 matrem
663 2776 821 2809 diximus.
