1831 3023
484 248 958 284 METAMORPHOSEON
993 249 1090 280 mn.
1125 252 1192 282 vr.
1454 241 1570 286 118⁷

110 350 394 403 Diriguitque
412 346 556 388 malis.
617 343 781 384 Nullos
800 345 946 383 movet
965 355 1071 384 aura
1091 343 1294 396 capillos.

112 417 166 459 In
186 418 310 459 vultu
331 415 451 456 color
469 415 538 452 est
557 412 651 452 sine
673 410 908 462 sanguine:
938 410 1105 451 lumina
1122 412 1297 452 moestis

111 484 237 526 Stant
257 484 436 524 immota
456 479 602 533 genis:
632 477 736 518 nihil
757 482 824 518 est
843 478 887 518 in
910 478 1094 530 imagine
1115 479 1221 520 vivi.

112 551 222 605 Ipsa
242 560 416 604 quoque
437 546 614 587 interius
634 559 730 586 cum
752 545 862 586 duro
882 546 1030 598 lingua
1051 546 1199 599 palato

113 617 343 670 Congelat,
365 619 409 656 et
428 627 553 655 venae
575 613 792 654 desistunt
811 625 946 666 posse
963 613 1144 654 moveri.

113 686 211 728 Nec
230 684 346 725 flecti
369 683 533 731 cervix,
553 694 636 722 nec
657 681 836 721 brachia
855 679 1040 721 reddere
1061 685 1232 732 gestus,

113 751 211 794 Nec
231 764 311 804 pes
333 751 395 791 ire
412 753 582 803 potest:
613 749 726 789 intra
747 761 922 802 quoque
940 748 1115 789 viscera
1136 760 1297 788 saxum
1315 751 1397 790 est.

113 819 209 860 Flet
227 822 387 867 tamen,
410 822 456 857 et
476 817 613 858 validi
634 816 908 857 circumdata
926 816 1094 857 turbine
1111 815 1228 856 venti

111 884 167 926 In
187 885 375 940 patriam
393 888 521 938 rapta
543 887 633 925 est:
664 884 737 924 ubi
758 882 853 924 fixa
873 883 1101 924 cacumine
1122 881 1277 922 montis

113 953 334 1008 Liquitur,
355 959 398 994 et
419 953 637 1006 lacrymas
657 952 889 993 etiamnum
909 963 1126 993 marmora
1145 953 1338 992 manant.

1485 477 1571 519 305

1486 815 1571 856 310

371 1153 489 1195 Flu.
522 1153 606 1195 lv.
666 1153 874 1207 Agrestes
902 1154 1052 1209 Lyciae
1074 1154 1122 1196 in
1143 1154 1313 1195 Ranas.

117 1266 266 1297 Lnoru
283 1263 355 1296 Cori
375 1264 456 1304 tilia,
472 1274 547 1296 cum
564 1265 708 1297 Junonis
725 1265 774 1295 ira
795 1264 837 1295 ob
854 1264 1059 1296 adulterium
1084 1274 1127 1296 ex
1143 1265 1232 1298 Jove
1257 1267 1445 1304 conceptos
1468 1264 1574 1304 Apol-

158 1319 261 1350 linem
278 1322 312 1349 et
329 1318 476 1349 Dianam
494 1328 613 1358 parere
631 1328 695 1349 non
710 1323 837 1358 posset,
851 1322 886 1348 et
898 1318 989 1348 nulla
1005 1327 1079 1348 eam
1094 1322 1265 1348 errantem
1281 1317 1375 1356 regio
1391 1317 1576 1356 reciperet,

158 1371 340 1403 novissime
361 1371 457 1402 venit
481 1372 514 1401 in
543 1371 696 1411 Lyciam;
722 1374 757 1400 et
781 1379 858 1400 cum
883 1379 925 1399 ex
951 1369 1072 1399 ardore
1096 1373 1199 1400 aestus
1222 1378 1261 1400 ac
1276 1368 1487 1409 longitudine
1511 1369 1575 1400 viae

159 1425 248 1456 sitim
265 1424 385 1455 sedare
400 1424 516 1463 vellet,
531 1424 573 1454 ab
590 1423 644 1462 iis,
661 1423 718 1463 qui
735 1423 847 1453 ulvam
863 1427 898 1452 et
916 1422 1059 1462 juncum
1072 1422 1261 1453 secundum
1276 1422 1386 1453 lacum
1403 1422 1571 1462 legerent,

158 1476 329 1519 prohibita
343 1481 396 1507 est
413 1476 551 1517 propius
569 1475 746 1507 accedere.
793 1475 1021 1507 Quamobrem
1039 1475 1088 1506 ira
1104 1475 1252 1513 incensa,
1265 1475 1460 1516 digrediens
1473 1475 1576 1516 petiit

159 1540 179 1562 a
191 1530 289 1569 Deis,
300 1534 337 1560 ut
350 1539 519 1571 nunquam
535 1530 661 1561 accolae
679 1533 798 1570 stagno
811 1532 979 1560 carerent.
1025 1528 1165 1560 Auditis
1182 1529 1297 1570 itaque
1314 1528 1471 1570 precihus
1486 1529 1575 1570 ejus,

157 1583 297 1626 Jupiter
311 1583 476 1624 agricolas
492 1584 526 1614 in
543 1584 694 1625 speeiem
711 1593 866 1615 ranarum
883 1581 1150 1616 transformavit.

116 1669 205 1728 TU
214 1697 246 1726 M
269 1698 374 1727 vero
395 1687 503 1728 tanti
522 1686 798 1727 manifestam
816 1687 1005 1727 numinis
1024 1686 1133 1728 iram

117 1803 229 1832 ‹zur-ata
245 1804 291 1832 est
306 1803 462 1832 oerumnis.
508 1802 621 1833 Nullus
644 1808 713 1834 ven·
730 1814 753 1834 es
777 1803 881 1843 agitat
904 1814 1030 1835 comam.
1077 1804 1169 1835 Color·
1183 1807 1230 1835 est
1245 1805 1412 1844 exsanguis
1428 1803 1553 1841 insuere
1565 1814 1576 1834 :

117 1844 198 1875 oculi
210 1843 326 1874 haerent
341 1844 438 1882 rigidi
455 1845 487 1874 in
501 1847 591 1883 genis
613 1846 756 1876 tristibus
768 1857 778 1882 ;
800 1846 879 1876 nihil
893 1849 939 1876 est
954 1847 1015 1876 rici
1030 1846 1063 1876 in
1077 1849 1193 1877 statua.
1239 1846 1313 1886 Ipsa
1330 1856 1444 1886 quoque
1465 1847 1576 1886 lingua

118 1886 251 1925 diriguit
266 1895 334 1916 cnm
347 1887 422 1916 duro
433 1887 537 1926 palato
551 1897 561 1921 ,·
584 1892 613 1918 et
629 1898 714 1918 venae
730 1898 788 1918 nrm
803 1888 933 1928 amplius
954 1892 1081 1928 possunt
1105 1889 1233 1920 moveri.
1281 1889 1384 1929 Neque
1400 1889 1509 1920 collum
1524 1899 1577 1929 po-

118 1931 179 1959 test
194 1928 298 1969 flecti,
311 1938 404 1968 neque
419 1929 525 1960 lacerti
541 1930 673 1969 agitari,
698 1940 791 1971 neque
803 1941 858 1970 pes
874 1931 1022 1962 incedere.
1069 1931 1127 1961 Est
1143 1932 1222 1971 Iapis
1238 1931 1332 1962 elium
1346 1932 1430 1962 intra
1444 1941 1576 1972 praecor-

119 1971 182 2002 dia.
228 1970 327 2009 Luget
346 1974 458 2008 tamen,
485 1975 515 2001 et
539 1976 681 2013 correpta
707 1973 829 2003 turbine
851 1974 986 2012 potentis
1008 1973 1092 2004 venti
1106 1974 1209 2004 ablata
1222 1977 1268 2004 est
1282 1973 1315 2004 in
1328 1975 1476 2014 patriam.
1525 1975 1541 2006 1
1547 1974 1576 2004 bi

118 2012 298 2045 destituitur
308 2012 452 2052 imposita
468 2014 578 2043 ter-tici
593 2016 717 2052 montis,
733 2018 761 2045 et
777 2024 886 2045 saxum
902 2015 1043 2046 ‹ea-stillat
1054 2015 1222 2046 etiamnurn
1240 2016 1403 2057 lacrymas.

163 2063 212 2087 lv.
239 2054 316 2087 Tum
331 2064 402 2088 vero
417 2066 519 2087 omnes
533 2059 563 2087 et
587 2057 648 2087 riri
675 2061 706 2088 et
725 2056 864 2094 soeminae
883 2061 1024 2088 nreeuunt
1039 2058 1119 2088 irum
1134 2058 1289 2096 nnminis5
1311 2062 1341 2090 et
1358 2068 1462 2090 omnes
1478 2058 1578 2099 magis

730 2150 966 2162 eeeeeeeeeeee

121 2218 158 2247 et
173 2218 242 2246 tres
257 2215 313 2246 alii
329 2218 393 2246 toto
405 2219 647 2257 pectora—305
670 2216 742 2249 Vim·
758 2217 880 2248 Heins.
896 2218 994 2249 dedit
1009 2228 1050 2249 ex
1067 2218 1187 2250 Urbin,
1203 2219 1260 2250 alii
1276 2219 1498 2251 rivium—307
1513 2220 1580 2251 Ex-

122 2262 232 2299 cerpt.
259 2258 437 2298 Langerm.
452 2269 520 2291 ven.
537 2260 817 2292 dediscant-308
842 2261 909 2291 Alii
924 2262 1013 2292 redd.
1030 2264 1246 2293 nwtus.——311
1274 2262 1423 2294 Berolin.
1447 2262 1493 2293 ibi
1519 2272 1580 2303 pro

121 2299 292 2332 abt—312
316 2301 485 2342 lacrymas
501 2311 543 2333 ex
561 2303 674 2334 multis
691 2303 885 2334 melioribus
902 2303 1023 2334 Heius.
1039 2303 1149 2338 dedit.
1166 2310 1201 2336 et
1217 2305 1383 2345 exemplis
1399 2304 1576 2336 defendit:

122 2343 222 2384 vulgo
237 2344 390 2385 lacrymis.
412 2345 562 2377 Bcroliu.
588 2346 881 2378 etiamnunc.-313
909 2347 1006 2378 Tanti
1021 2356 1083 2387 pro
1098 2347 1185 2388 vulg.
1208 2348 1312 2379 cuncti
1339 2357 1382 2379 ex
1401 2357 1466 2379 uno
1482 2347 1578 2379 Leid.

778 2443 806 2474 N
813 2443 916 2474 01¹AE

167 2514 227 2545 zu
253 2513 292 2544 In
303 2514 455 2555 patriam]
473 2514 600 2547 Thebis
617 2515 761 2555 relictis,
776 2516 824 2547 in-

125 2562 200 2604 quit
225 2562 464 2604 Apollodorus,
490 2565 590 2596 vidua
622 2567 694 2607 jam
718 2571 823 2607 atque

127 2611 213 2643 orba
235 2612 346 2645 Niobe
375 2615 528 2656 Sipylum
560 2616 602 2646 ad
640 2617 823 2648 Tantalum

127 2665 259 2703 patrem
279 2665 452 2703 pervenit:
477 2665 592 2707 ibique
606 2666 734 2698 Jovemv
750 2677 825 2708 pre-

126 2717 207 2744 cata
234 2711 268 2743 in
292 2721 407 2746 taxum
427 2720 636 2748 commutata
656 2716 733 2756 fuit,
750 2727 823 2759 quae

127 2762 292 2803 lacrymas
318 2769 435 2796 noctes
461 2770 565 2806 atque
591 2766 665 2799 dies
680 2767 825 2800 effundit

130 2824 190 2847 suo
221 2814 264 2846 dc
294 2815 417 2857 lapide.
475 2817 586 2851 Quod-
604 2819 684 2852 iden
709 2819 826 2855 fictum

878 2517 994 2548 volunt
1037 2518 1203 2556 nonnulli,
1244 2519 1334 2560 quod
1378 2519 1577 2560 Sipylenum

877 2577 1023 2599 marmor
1039 2569 1160 2600 sudare
1174 2570 1392 2610 perhibetur:
1413 2570 1464 2600 vel
1478 2569 1578 2600 etiarn

879 2618 968 2659 quod
986 2618 1019 2649 in
1037 2619 1155 2659 Sipylo
1182 2624 1297 2650 monte
1314 2629 1414 2659 rupes
1431 2619 1486 2656 sir,
1503 2627 1577 2658 qum

879 2669 997 2709 procul
1038 2670 1223 2701 visentibus
1260 2670 1406 2708 lugentis
1434 2668 1579 2699 smminae

879 2720 1029 2759 speciem
1055 2720 1228 2761 pra-beat:
1254 2720 1306 2750 vel
1328 2728 1422 2756 sanc,
1438 2717 1527 2759 quod
1545 2717 1579 2749 in

879 2771 1060 2802 liberorum
1097 2771 1257 2810 sepulcro
1305 2773 1453 2799 statuam
1497 2768 1581 2809 lapi·

881 2820 979 2851 deam
997 2820 1060 2852 sibi
1079 2819 1190 2852 Niobe
1212 2818 1372 2850 erexerit.
1419 2819 1580 2851 Ceterum
