1831 3023
466 245 939 280 METAMORPHOSEON
974 249 1071 282 Lm.
1103 250 1218 281 xm.
1462 243 1575 286 1625

120 340 286 381 Sentit:
317 344 361 382 et
380 340 588 391 innitens,
610 354 710 395 quae
731 344 877 385 stabat
896 345 1116 398 proxima,
1137 346 1256 396 moli,

120 406 225 447 Non
246 421 327 461 ego
348 409 611 462 prodigium,
630 421 717 448 non
737 423 833 450 sum
853 411 945 452 fera
965 413 1128 462 bellua,
1150 413 1272 466 virgo
1290 426 1301 466 ;

120 472 225 515 Sum
249 475 387 525 Deus,
410 476 566 529 inquit,
588 488 742 528 aquae:
773 490 855 518 nec
877 479 1021 532 majus
1042 481 1086 520 in
1109 493 1290 534 aequora
1310 480 1500 523 Proteus

118 540 202 582 Jus
221 542 364 592 habet,
388 549 467 585 aut
486 544 655 593 Triton,
676 543 1102 588 Athamantiadesve
1125 548 1366 591 Palaemon.

119 607 235 649 Ante
256 614 400 651 tamen
421 612 616 652 mortalis
637 625 756 653 eram
775 627 784 654 :
815 614 893 654 sed
915 616 1087 656 scilicet
1107 617 1207 657 altis
1488 615 1578 659 920

120 675 310 718 Deditus
329 680 594 731 aequoribuS,
610 679 704 733 jam
723 686 813 722 tum
833 684 1067 723 exercebar
1086 685 1129 724 in
1151 684 1254 726 illis.

121 742 239 784 Nam
259 745 391 785 modo
412 745 626 787 ducebam
647 748 855 789 ducentia
880 750 986 790 retia
1008 752 1155 800 pisces
1175 767 1183 792 ε

121 809 254 852 Nunc
274 812 319 852 in
338 814 452 852 mole
472 813 634 852 sedens
650 813 906 854 moderabar
924 814 1136 856 arundine
1155 817 1305 858 linum.

120 878 232 919 Sunt
250 879 375 918 viridi
397 882 526 931 prato
549 881 737 921 confinia
758 881 921 931 littora,
941 894 1124 934 quorum

117 942 267 985 Altera
287 958 390 999 pars
410 946 555 996 undis,
576 960 676 1000 pars
697 948 834 988 altera
855 949 1039 1000 cingitur
1058 949 1202 989 herbis
1219 964 1229 1001 ;
1493 951 1579 992 925

119 1010 244 1062 Quas
263 1025 404 1066 neque
425 1014 662 1066 cornigerae
683 1027 829 1054 morsu
850 1015 1007 1055 laesere
1022 1016 1241 1070 juvencae,

119 1077 218 1119 Nec
238 1079 426 1131 placidae
449 1081 679 1133 carpsistis
701 1094 824 1130 oves,
846 1081 1028 1122 hirtaeve
1051 1082 1251 1135 capellae.

120 1144 224 1186 Non
244 1147 342 1200 apis
362 1147 463 1187 inde
485 1147 584 1189 tulit
605 1148 817 1190 collectos
840 1150 996 1190 sedula
1017 1150 1170 1190 flores:

120 1214 227 1256 Non
245 1214 348 1255 data
367 1219 470 1255 sunt
490 1216 628 1268 capiti
646 1217 832 1268 genialia
852 1220 985 1265 serta,
1007 1229 1085 1257 nec
1102 1229 1297 1270 unquam

121 1281 349 1324 Falciferae
373 1296 552 1324 secuere
574 1297 743 1324 manus,
805 1283 898 1335 Ego
918 1283 1084 1336 primus
1102 1283 1147 1323 in
1168 1284 1242 1325 illo
1493 1283 1578 1326 930

120 1349 297 1404 Cespite
319 1350 518 1400 consedi,
541 1351 644 1392 dum
665 1351 755 1392 lina
776 1350 997 1392 madentia
1016 1351 1153 1392 sicco.

119 1516 291 1555 Glaucus;
307 1521 400 1558 atque
415 1518 550 1550 insidens
571 1521 695 1560 scopulo
717 1520 768 1559 qui
788 1529 883 1560 prope
909 1524 988 1558 erat,
1014 1520 1096 1559 Ego,
1112 1520 1172 1557 ait,
1190 1529 1249 1549 non
1266 1527 1332 1549 sum
1353 1520 1536 1557 monstrum,
1559 1528 1580 1549 ο

115 1560 229 1600 puella,
245 1570 304 1590 non
319 1570 386 1590 sum
401 1570 509 1600 aspera
524 1561 632 1597 bellua,
647 1571 714 1592 sum
731 1563 817 1593 Deus
832 1562 948 1597 mar-5³5
970 1571 1063 1601 neque
1079 1561 1224 1599 Proteus,
1238 1562 1267 1591 et
1285 1560 1406 1597 Triton,
1421 1563 1452 1590 ct
1477 1561 1581 1591 1²01ae-

116 1611 185 1632 mon
197 1602 456 1633 Athamantiadae
470 1603 612 1640 majorem
625 1605 716 1634 habet
729 1607 914 1644 potestatem
929 1604 961 1633 in
985 1604 1095 1633 maria.
1143 1603 1239 1633 Prius
1254 1606 1356 1632 tamen
1371 1612 1454 1632 eram
1471 1602 1557 1634 homo
1569 1614 1579 1633 .·

116 1653 222 1675 rerum
234 1645 386 1674 enimrero
400 1645 555 1675 studiosus
567 1645 795 1684 profundarum
815 1655 975 1685 aquarum,
991 1646 1059 1683 J'um
1081 1648 1148 1674 tum
1163 1644 1307 1675 natabam
1322 1645 1354 1675 in
1369 1645 1443 1675 illis.
1488 1646 1581 1676 Nunc

117 1686 198 1716 enim
211 1686 369 1717 trahebam
386 1686 467 1717 retia
492 1687 648 1717 trahentia
672 1688 770 1727 pisces
780 1698 790 1723 ;
814 1697 893 1718 nunc
919 1688 1071 1727 quiescens
1083 1697 1174 1727 super
1188 1688 1308 1727 scopulo
1315 1687 1479 1727 flectebam
1485 1687 1580 1728 filum

116 1728 219 1768 rirgu.
266 1728 348 1759 Sunt
373 1729 481 1759 littora
500 1730 691 1760 contermina
717 1734 807 1769 prato
832 1730 960 1768 virenti,
982 1739 1108 1770 quorum
1131 1739 1206 1770 pars
1226 1730 1288 1760 alia
1314 1729 1454 1769 cingitur
1478 1730 1580 1770 aquis,

113 1781 189 1811 pars
203 1771 267 1802 aliu
279 1772 483 1810 graminibus,
499 1782 565 1812 quae
586 1782 680 1812 neque
699 1773 841 1810 jurencae
857 1775 993 1802 cornutoe
1014 1774 1229 1813 decerpserunt
1252 1782 1366 1809 morsu,
1380 1782 1475 1812 neque
1490 1773 1580 1803 mites

114 1814 245 1854 pecudes
264 1818 319 1844 aut
335 1814 467 1854 hispidae
487 1825 589 1854 caproe
613 1815 802 1846 tetendistis.
847 1815 928 1856 Apis
955 1815 1090 1854 diligens
1114 1826 1174 1846 non
1199 1816 1268 1845 inde
1292 1815 1466 1854 exportavit
1479 1814 1581 1855 flores

117 1856 252 1894 libatos;
274 1867 393 1887 coronoe
408 1858 591 1898 voluptaria.²
606 1868 667 1888 non
690 1862 760 1889 sunt
777 1858 887 1889 oblata»
902 1858 1010 1897 cupiti,
1034 1868 1128 1898 neque
1152 1868 1282 1898 unquam
1300 1867 1407 1887 munus
1419 1857 1505 1894 falce
1532 1859 1580 1888 in·

116 1902 244 1931 muctoe
259 1900 469 1931 exst-iderunt.
516 1901 586 1940 Ego
598 1901 718 1941 primus
732 1901 868 1941 requievi
883 1901 914 1932 in
931 1900 984 1931 illo
998 1901 1124 1941 cespite,
1139 1902 1213 1931 dum
1227 1901 1345 1931 exsicco
1361 1901 1424 1930 lina
1438 1900 1576 1931 humida.

732 1991 808 2001 ene

118 2043 160 2076 de
175 2044 299 2085 Scylla.
324 2045 332 2060 ‘
349 2044 484 2076 immani
502 2054 645 2086 corpore
663 2046 783 2085 pistrix
797 2046 818 2076 ι’
842 2050 877 2077 et
893 2045 1067 2078 claudian.
1085 2045 1126 2077 de
1153 2046 1312 2084 Tritone,
1339 2047 1348 2063 ‘
1362 2046 1438 2079 Qua
1463 2045 1577 2086 pistris

115 2087 291 2118 commissa
309 2087 511 2118 viro.'—916
526 2088 925 2120 NonnulliSensit.—917
944 2099 1002 2119 non
1014 2099 1081 2120 sum
1104 2099 1145 2120 ex
1161 2089 1378 2127 melioribus3
1403 2089 1494 2129 vulg.
1512 2098 1577 2120 nec.

116 2131 223 2160 —918
247 2129 316 2159 Ani
344 2130 406 2160 Sed
431 2131 475 2162 D.
506 2130 641 2161 Deinde
664 2141 786 2171 aequora
810 2136 862 2162 est
888 2142 929 2162 cx
955 2137 1033 2163 tert.
1059 2131 1152 2162 Med.
1168 2135 1203 2162 et
1221 2133 1281 2163 Ro.
1297 2133 1385 2171 vuig.
1400 2141 1577 2171 aequore.—

116 2173 181 2202 019
203 2172 268 2202 Aut
287 2171 403 2202 Heius.
415 2172 510 2203 dedit
523 2182 564 2203 ex
578 2179 724 2214 quatuor
736 2174 829 2205 libris
842 2184 918 2205 cum
932 2174 1020 2205 Edu.
1037 2174 1221 2212 nonnuilis;
1245 2175 1335 2214 vuig.
1351 2178 1401 2205 et.-
1425 2184 1460 2204 ce
1474 2173 1578 2203 etiam

117 2223 159 2243 ex
177 2213 497 2252 emend.ejusdem;
514 2215 605 2254 vulg.
633 2219 806 2254 quen—921
832 2217 908 2247 dam
931 2223 995 2247 tum
1025 2222 1076 2247 est
1103 2226 1145 2247 ex
1176 2217 1370 2247 melioribus
1398 2224 1459 2254 pro
1490 2215 1579 2255 vulg.

118 2258 360 2287 tanturm—922
387 2255 443 2286 Pr.
463 2256 506 2287 V.
527 2266 546 2286 a
569 2266 658 2287 man.
677 2266 745 2287 sec.
763 2263 798 2288 et
814 2258 880 2288 duo
895 2259 984 2289 Mor.
999 2259 1067 2288 duc.
1083 2259 1238 2297 capientia
1254 2260 1419 2288 ret—923
1446 2258 1522 2288 Bas.
1546 2258 1578 2287 in

118 2308 194 2339 rupe
209 2299 381 2329 nem—925
406 2298 485 2330 Jun.
503 2303 538 2329 et
551 2298 618 2329 duo
635 2299 691 2329 alii
717 2299 782 2330 ΑΗ.
798 2309 830 2338 p.
847 2300 972 2338 viridis,
986 2310 1017 2339 p.
1042 2299 1177 2330 Deinde
1194 2309 1276 2330 unus
1297 2299 1382 2330 liber
1397 2300 1454 2330 alt.
1481 2300 1577 2337 tingi-

117 2344 170 2371 tur
185 2340 270 2372 herb.
300 2340 389 2371 Mor.
411 2341 566 2371 clauditur
575 2352 586 2377 ,·
623 2345 693 2372 tres
712 2341 981 2381 stangnum—927
1006 2341 1113 2373 Gron.
1140 2342 1255 2382 placid.
1277 2342 1400 2372 loesiseis
1422 2344 1576 2372 otu-928

120 2383 222 2415 Multi
239 2393 281 2415 ex
296 2383 589 2424 praestantioribus
610 2384 678 2414 coll.
693 2384 808 2415 semine
826 2384 1014 2425 flore-930
1039 2384 1158 2416 Heius.
1173 2385 1258 2425 conj.
1286 2386 1345 2424 Eg.
1359 2394 1473 2425 pronus
1489 2383 1576 2414 in.—

776 2490 918 2523 NOTAE

160 2569 224 2599 918
248 2565 397 2605 procem]
421 2565 514 2596 Deus
531 2565 646 2604 maris,
665 2564 819 2605 Neptuni
918 2564 1093 2605 Palaemon]
1107 2564 1311 2595 Portumnus
1328 2571 1346 2592 a
1365 2562 1493 2593 Latinis
1507 2563 1577 2595 dic·

119 2623 155 2650 et
171 2617 351 2649 Pboenices
372 2616 472 2655 tilius,
497 2616 529 2646 in
553 2626 668 2647 omncs
696 2615 821 2647 formas
876 2619 929 2646 tus
946 2619 998 2646 est
1011 2615 1065 2646 hic
1083 2613 1296 2644 Athamantis
1314 2618 1347 2643 et
1365 2613 1444 2643 luus
1465 2612 1573 2645 tilius:

118 2666 301 2705 mutabilis,
317 2666 500 2707 phocarum
520 2672 648 2707 pastor.
875 2666 970 2706 cujus
984 2663 1277 2705 metamorphosim
1295 2662 1438 2694 vidimus
1455 2663 1474 2693 Ι.
1494 2672 1542 2695 ιν.

158 2720 223 2749 919
248 2715 373 2756 Triton]
418 2717 570 2758 Neptuni
599 2717 748 2758 ejusdem
775 2728 818 2749 ex
918 2720 975 2748 921
1004 2717 1077 2746 Jam
1094 2714 1175 2754 tum]
1212 2713 1307 2744 Istud
1337 2713 1489 2753 cogitent
1515 2715 1574 2754 qui

121 2767 327 2808 Amphitrite
344 2765 443 2808 filins,
458 2772 562 2812 atque
590 2768 747 2808 tubicem
775 2768 817 2800 de
873 2767 1054 2810 aliquando
1071 2766 1156 2797 coelo
1171 2765 1275 2807 recipi
1293 2765 1444 2806 cupiunt.

121 2827 187 2860 quo
204 2817 345 2850 Metam.
361 2817 384 2848 Ι.
402 2824 427 2849 ι.
