<?xml version="1.0" encoding="UTF-8"?>
<!DOCTYPE html PUBLIC "-//W3C//DTD XHTML 1.0 Transitional//EN"
    "http://www.w3.org/TR/xhtml1/DTD/xhtml1-transitional.dtd">
<html xmlns="http://www.w3.org/1999/xhtml" xml:lang="en" lang="en">
 <head>
  <title>
</title>
<meta http-equiv="Content-Type" content="text/html;charset=utf-8" />
  <meta name='ocr-system' content='tesseract 3.04.00' />
  <meta name='ocr-capabilities' content='ocr_page ocr_carea ocr_par ocr_line ocrx_word'/>
</head>
<body>
  <div class='ocr_page' id='page_1' title='image "./operaomniaexedit03oviduoft_0039.png"; bbox 0 0 1831 3023; ppageno 0'>
   <div class='ocr_carea' id='block_1_1' title="bbox 467 203 1170 239">
    <p class='ocr_par' dir='ltr' id='par_1_1' title="bbox 467 203 1170 239">
     <span class='ocr_line' id='line_1_1' title="bbox 467 203 1170 239; baseline -0.001 0"><span class='ocrx_word' id='word_1_1' title='bbox 467 203 940 239; x_wconf 63' lang='lat' dir='ltr'>HBTAHORPHOSBON</span> <span class='ocrx_word' id='word_1_2' title='bbox 974 205 1022 234; x_wconf 81' lang='lat'>1.1</span> <span class='ocrx_word' id='word_1_3' title='bbox 1031 206 1073 238; x_wconf 81' lang='lat' dir='ltr'>B.</span> <span class='ocrx_word' id='word_1_4' title='bbox 1105 207 1170 238; x_wconf 79' lang='lat' dir='ltr'>lv.</span> 
     </span>
    </p>
   </div>
   <div class='ocr_carea' id='block_1_2' title="bbox 1436 195 1555 242">
    <p class='ocr_par' dir='ltr' id='par_1_2' title="bbox 1436 195 1555 242">
     <span class='ocr_line' id='line_1_2' title="bbox 1436 195 1555 242; baseline 0 0"><span class='ocrx_word' id='word_1_5' title='bbox 1436 195 1555 242; x_wconf 68' lang='lat' dir='ltr'>110ss</span> 
     </span>
    </p>
   </div>
   <div class='ocr_carea' id='block_1_3' title="bbox 90 297 1190 358">
    <p class='ocr_par' dir='ltr' id='par_1_3' title="bbox 90 297 1190 358">
     <span class='ocr_line' id='line_1_3' title="bbox 90 297 1190 358; baseline -0.005 -12"><span class='ocrx_word' id='word_1_6' title='bbox 90 302 179 346; x_wconf 83' lang='lat' dir='ltr'>Ter</span> <span class='ocrx_word' id='word_1_7' title='bbox 198 304 364 358; x_wconf 89' lang='lat' dir='ltr'>gelidas</span> <span class='ocrx_word' id='word_1_8' title='bbox 383 301 560 349; x_wconf 85' lang='lat' dir='ltr'>Arctos,</span> <span class='ocrx_word' id='word_1_9' title='bbox 581 303 646 341; x_wconf 87' lang='lat' dir='ltr'>ter</span> <span class='ocrx_word' id='word_1_10' title='bbox 666 297 827 340; x_wconf 89' lang='lat' dir='ltr'>Cancri</span> <span class='ocrx_word' id='word_1_11' title='bbox 848 298 1032 340; x_wconf 88' lang='lat' dir='ltr'>brachia</span> <span class='ocrx_word' id='word_1_12' title='bbox 1049 299 1160 341; x_wconf 85' lang='lat' dir='ltr'>vidit</span> <span class='ocrx_word' id='word_1_13' title='bbox 1179 312 1190 341; x_wconf 77' lang='grc' dir='ltr'><strong><em>ε</em></strong></span> 
     </span>
    </p>
   </div>
   <div class='ocr_carea' id='block_1_4' title="bbox 93 366 1192 425">
    <p class='ocr_par' dir='ltr' id='par_1_4' title="bbox 93 366 1192 425">
     <span class='ocr_line' id='line_1_4' title="bbox 93 366 1192 425; baseline -0.007 -11"><span class='ocrx_word' id='word_1_14' title='bbox 93 370 226 425; x_wconf 83' lang='lat' dir='ltr'>Saepe</span> <span class='ocrx_word' id='word_1_15' title='bbox 247 372 327 412; x_wconf 90' lang='lat' dir='ltr'>sub</span> <span class='ocrx_word' id='word_1_16' title='bbox 343 379 544 417; x_wconf 88' lang='lat' dir='ltr'><strong>occasus,</strong></span> <span class='ocrx_word' id='word_1_17' title='bbox 565 378 690 419; x_wconf 85' lang='lat' dir='ltr'>saepe</span> <span class='ocrx_word' id='word_1_18' title='bbox 711 370 778 407; x_wconf 86' lang='lat' dir='ltr'>est</span> <span class='ocrx_word' id='word_1_19' title='bbox 794 366 969 406; x_wconf 89' lang='lat' dir='ltr'>ablatus</span> <span class='ocrx_word' id='word_1_20' title='bbox 992 367 1034 406; x_wconf 90' lang='lat' dir='ltr'>in</span> <span class='ocrx_word' id='word_1_21' title='bbox 1055 369 1192 406; x_wconf 85' lang='lat' dir='ltr'>ortus.</span> 
     </span>
    </p>
   </div>
   <div class='ocr_carea' id='block_1_5' title="bbox 90 432 1214 683">
    <p class='ocr_par' dir='ltr' id='par_1_5' title="bbox 90 432 1214 683">
     <span class='ocr_line' id='line_1_5' title="bbox 90 432 1166 490; baseline -0.006 -12"><span class='ocrx_word' id='word_1_22' title='bbox 90 436 283 490; x_wconf 83' lang='lat' dir='ltr'><strong>Jamque</strong></span> <span class='ocrx_word' id='word_1_23' title='bbox 304 433 486 476; x_wconf 85' lang='lat' dir='ltr'>cadente</span> <span class='ocrx_word' id='word_1_24' title='bbox 508 433 580 474; x_wconf 90' lang='lat' dir='ltr'>die</span> <span class='ocrx_word' id='word_1_25' title='bbox 600 433 762 474; x_wconf 86' lang='lat' dir='ltr'>veritus</span> <span class='ocrx_word' id='word_1_26' title='bbox 779 445 827 474; x_wconf 92' lang='lat' dir='ltr'>se</span> <span class='ocrx_word' id='word_1_27' title='bbox 849 432 1027 474; x_wconf 88' lang='lat' dir='ltr'>credere</span> <span class='ocrx_word' id='word_1_28' title='bbox 1044 432 1166 474; x_wconf 87' lang='lat' dir='ltr'>nocti</span> 
     </span>
     <span class='ocr_line' id='line_1_6' title="bbox 93 499 1179 553; baseline -0.004 -9"><span class='ocrx_word' id='word_1_29' title='bbox 93 502 303 544; x_wconf 89' lang='lat' dir='ltr'>Constitit</span> <span class='ocrx_word' id='word_1_30' title='bbox 324 500 563 553; x_wconf 89' lang='lat' dir='ltr'>Hesperio,</span> <span class='ocrx_word' id='word_1_31' title='bbox 585 500 729 553; x_wconf 86' lang='lat' dir='ltr'>regnis</span> <span class='ocrx_word' id='word_1_32' title='bbox 755 499 958 548; x_wconf 87' lang='lat' dir='ltr'>Atlantis,</span> <span class='ocrx_word' id='word_1_33' title='bbox 979 500 1022 540; x_wconf 91' lang='lat' dir='ltr'>in</span> <span class='ocrx_word' id='word_1_34' title='bbox 1044 500 1149 540; x_wconf 92' lang='lat' dir='ltr'>orbe</span> <span class='ocrx_word' id='word_1_35' title='bbox 1167 512 1179 551; x_wconf 90' lang='grc'>;</span> 
     </span>
     <span class='ocr_line' id='line_1_7' title="bbox 91 566 1214 621; baseline -0.002 -12"><span class='ocrx_word' id='word_1_36' title='bbox 91 568 394 621; x_wconf 85' lang='lat' dir='ltr'>Exiguamque</span> <span class='ocrx_word' id='word_1_37' title='bbox 414 567 523 620; x_wconf 86' lang='lat' dir='ltr'>petit</span> <span class='ocrx_word' id='word_1_38' title='bbox 542 567 754 620; x_wconf 85' lang='lat' dir='ltr'>requiem,</span> <span class='ocrx_word' id='word_1_39' title='bbox 776 567 877 608; x_wconf 89' lang='lat' dir='ltr'>dum</span> <span class='ocrx_word' id='word_1_40' title='bbox 896 566 1074 607; x_wconf 84' lang='lat' dir='ltr'>Lucifer</span> <span class='ocrx_word' id='word_1_41' title='bbox 1094 567 1214 620; x_wconf 85' lang='lat' dir='ltr'>ignes</span> 
     </span>
     <span class='ocr_line' id='line_1_8' title="bbox 91 633 1065 683; baseline -0.001 -8"><span class='ocrx_word' id='word_1_42' title='bbox 91 634 262 675; x_wconf 86' lang='lat' dir='ltr'>Evocet</span> <span class='ocrx_word' id='word_1_43' title='bbox 283 634 482 683; x_wconf 88' lang='lat' dir='ltr'>Aurorae,</span> <span class='ocrx_word' id='word_1_44' title='bbox 506 647 659 675; x_wconf 90' lang='lat' dir='ltr'>currus</span> <span class='ocrx_word' id='word_1_45' title='bbox 684 633 854 675; x_wconf 87' lang='lat' dir='ltr'>Aurora</span> <span class='ocrx_word' id='word_1_46' title='bbox 873 633 1065 675; x_wconf 88' lang='lat' dir='ltr'>diurnos.</span> 
     </span>
    </p>
   </div>
   <div class='ocr_carea' id='block_1_6' title="bbox 92 701 1249 810">
    <p class='ocr_par' dir='ltr' id='par_1_6' title="bbox 92 701 1249 810">
     <span class='ocr_line' id='line_1_9' title="bbox 92 701 1249 755; baseline -0.002 -13"><span class='ocrx_word' id='word_1_47' title='bbox 92 701 182 742; x_wconf 92' lang='lat' dir='ltr'>Hic</span> <span class='ocrx_word' id='word_1_48' title='bbox 202 702 426 742; x_wconf 91' lang='lat' dir='ltr'>bominum</span> <span class='ocrx_word' id='word_1_49' title='bbox 446 706 632 743; x_wconf 90' lang='lat' dir='ltr'>cunctos</span> <span class='ocrx_word' id='word_1_50' title='bbox 650 702 813 754; x_wconf 87' lang='lat' dir='ltr'>ingenti</span> <span class='ocrx_word' id='word_1_51' title='bbox 835 714 1014 755; x_wconf 85' lang='lat' dir='ltr'>corpore</span> <span class='ocrx_word' id='word_1_52' title='bbox 1032 703 1249 755; x_wconf 79' lang='lat' dir='ltr'>praestans</span> 
     </span>
     <span class='ocr_line' id='line_1_10' title="bbox 717 768 1036 810; baseline -0.003 -1"><span class='ocrx_word' id='word_1_53' title='bbox 717 768 885 810; x_wconf 88' lang='lat' dir='ltr'>Ultima</span> <span class='ocrx_word' id='word_1_54' title='bbox 906 768 1036 810; x_wconf 88' lang='lat' dir='ltr'>tellus</span> 
     </span>
    </p>
   </div>
   <div class='ocr_carea' id='block_1_7' title="bbox 92 767 655 822">
    <p class='ocr_par' dir='ltr' id='par_1_7' title="bbox 92 767 655 822">
     <span class='ocr_line' id='line_1_11' title="bbox 92 767 655 822; baseline 0 -15"><span class='ocrx_word' id='word_1_55' title='bbox 92 767 392 822; x_wconf 83' lang='lat' dir='ltr'>Iapetionides</span> <span class='ocrx_word' id='word_1_56' title='bbox 413 767 542 810; x_wconf 83' lang='lat' dir='ltr'>Atlas</span> <span class='ocrx_word' id='word_1_57' title='bbox 558 768 655 810; x_wconf 89' lang='lat' dir='ltr'>fuit.</span> 
     </span>
    </p>
   </div>
   <div class='ocr_carea' id='block_1_8' title="bbox 90 832 1269 1025">
    <p class='ocr_par' dir='ltr' id='par_1_8' title="bbox 90 832 1269 1025">
     <span class='ocr_line' id='line_1_12' title="bbox 91 832 1230 890; baseline 0 -15"><span class='ocrx_word' id='word_1_58' title='bbox 91 832 213 887; x_wconf 86' lang='lat' dir='ltr'>Rege</span> <span class='ocrx_word' id='word_1_59' title='bbox 232 835 316 876; x_wconf 90' lang='lat' dir='ltr'>sub</span> <span class='ocrx_word' id='word_1_60' title='bbox 338 835 437 886; x_wconf 91' lang='lat' dir='ltr'>hoc,</span> <span class='ocrx_word' id='word_1_61' title='bbox 458 840 502 877; x_wconf 90' lang='lat' dir='ltr'>et</span> <span class='ocrx_word' id='word_1_62' title='bbox 519 839 681 890; x_wconf 89' lang='lat' dir='ltr'>pontus</span> <span class='ocrx_word' id='word_1_63' title='bbox 701 840 808 885; x_wconf 86' lang='lat' dir='ltr'>erat,</span> <span class='ocrx_word' id='word_1_64' title='bbox 829 836 903 889; x_wconf 91' lang='lat' dir='ltr'>qui</span> <span class='ocrx_word' id='word_1_65' title='bbox 925 835 1042 876; x_wconf 91' lang='lat' dir='ltr'>Solis</span> <span class='ocrx_word' id='word_1_66' title='bbox 1064 834 1230 875; x_wconf 84' lang='lat' dir='ltr'>anhelis</span> 
     </span>
     <span class='ocr_line' id='line_1_13' title="bbox 90 899 1190 957; baseline 0.001 -18"><span class='ocrx_word' id='word_1_67' title='bbox 90 899 294 953; x_wconf 88' lang='lat' dir='ltr'>AEquora</span> <span class='ocrx_word' id='word_1_68' title='bbox 313 902 463 944; x_wconf 90' lang='lat' dir='ltr'>subdit</span> <span class='ocrx_word' id='word_1_69' title='bbox 481 904 624 957; x_wconf 82' lang='lat' dir='ltr'>eq‘uiS,</span> <span class='ocrx_word' id='word_1_70' title='bbox 646 906 689 944; x_wconf 84' lang='lat' dir='ltr'>ct</span> <span class='ocrx_word' id='word_1_71' title='bbox 705 902 851 944; x_wconf 89' lang='lat' dir='ltr'>sessos</span> <span class='ocrx_word' id='word_1_72' title='bbox 873 903 1045 956; x_wconf 80' lang='lat' dir='ltr'>excipit</span> <span class='ocrx_word' id='word_1_73' title='bbox 1066 914 1190 943; x_wconf 85' lang='lat' dir='ltr'>axes.</span> 
     </span>
     <span class='ocr_line' id='line_1_14' title="bbox 90 965 1269 1025; baseline 0.002 -19"><span class='ocrx_word' id='word_1_74' title='bbox 90 965 215 1008; x_wconf 91' lang='lat' dir='ltr'>Mille</span> <span class='ocrx_word' id='word_1_75' title='bbox 238 983 387 1022; x_wconf 86' lang='lat' dir='ltr'>greges</span> <span class='ocrx_word' id='word_1_76' title='bbox 408 971 488 1021; x_wconf 87' lang='lat' dir='ltr'>illi,</span> <span class='ocrx_word' id='word_1_77' title='bbox 510 970 780 1025; x_wconf 88' lang='lat' dir='ltr'>totidemque</span> <span class='ocrx_word' id='word_1_78' title='bbox 802 974 996 1012; x_wconf 85' lang='lat' dir='ltr'>armenta</span> <span class='ocrx_word' id='word_1_79' title='bbox 1016 983 1096 1024; x_wconf 89' lang='lat' dir='ltr'>per</span> <span class='ocrx_word' id='word_1_80' title='bbox 1114 969 1269 1010; x_wconf 83' lang='lat' dir='ltr'>herbas</span> 
     </span>
    </p>
   </div>
   <div class='ocr_carea' id='block_1_9' title="bbox 88 1032 1216 1091">
    <p class='ocr_par' dir='ltr' id='par_1_9' title="bbox 88 1032 1216 1091">
     <span class='ocr_line' id='line_1_15' title="bbox 88 1032 1216 1091; baseline 0.001 -17"><span class='ocrx_word' id='word_1_81' title='bbox 88 1032 307 1076; x_wconf 83' lang='lat' dir='ltr'>Errabant</span> <span class='ocrx_word' id='word_1_82' title='bbox 324 1051 333 1077; x_wconf 91' lang='lat'>:</span> <span class='ocrx_word' id='word_1_83' title='bbox 364 1041 407 1078; x_wconf 91' lang='lat' dir='ltr'>et</span> <span class='ocrx_word' id='word_1_84' title='bbox 426 1037 606 1078; x_wconf 88' lang='lat' dir='ltr'>humum</span> <span class='ocrx_word' id='word_1_85' title='bbox 625 1039 790 1079; x_wconf 85' lang='lat' dir='ltr'>vicinia</span> <span class='ocrx_word' id='word_1_86' title='bbox 807 1038 926 1079; x_wconf 87' lang='lat' dir='ltr'>nulla</span> <span class='ocrx_word' id='word_1_87' title='bbox 947 1037 1216 1091; x_wconf 88' lang='lat' dir='ltr'>premebant.</span> 
     </span>
    </p>
   </div>
   <div class='ocr_carea' id='block_1_10' title="bbox 1463 1036 1551 1079">
    <p class='ocr_par' dir='ltr' id='par_1_10' title="bbox 1463 1036 1551 1079">
     <span class='ocr_line' id='line_1_16' title="bbox 1463 1036 1551 1079; baseline 0.011 -1"><span class='ocrx_word' id='word_1_88' title='bbox 1463 1036 1551 1079; x_wconf 81' lang='lat'>635</span> 
     </span>
    </p>
   </div>
   <div class='ocr_carea' id='block_1_11' title="bbox 87 1101 1085 1155">
    <p class='ocr_par' dir='ltr' id='par_1_11' title="bbox 87 1101 1085 1155">
     <span class='ocr_line' id='line_1_17' title="bbox 87 1101 1085 1155; baseline 0.004 -14"><span class='ocrx_word' id='word_1_89' title='bbox 87 1101 299 1144; x_wconf 81' lang='lat' dir='ltr'>Arboreae</span> <span class='ocrx_word' id='word_1_90' title='bbox 319 1103 511 1155; x_wconf 88' lang='lat' dir='ltr'>frondes,</span> <span class='ocrx_word' id='word_1_91' title='bbox 533 1117 643 1146; x_wconf 88' lang='lat' dir='ltr'>auro</span> <span class='ocrx_word' id='word_1_92' title='bbox 663 1105 860 1146; x_wconf 88' lang='lat' dir='ltr'>radiante</span> <span class='ocrx_word' id='word_1_93' title='bbox 877 1105 1085 1154; x_wconf 79' lang='lat' dir='ltr'>virentes,</span> 
     </span>
    </p>
   </div>
   <div class='ocr_carea' id='block_1_12' title="bbox 85 1231 1555 1395">
    <p class='ocr_par' dir='ltr' id='par_1_12' title="bbox 85 1231 1555 1354">
     <span class='ocr_line' id='line_1_18' title="bbox 85 1231 1554 1273; baseline 0 -12"><span class='ocrx_word' id='word_1_94' title='bbox 85 1231 168 1262; x_wconf 76' lang='lat' dir='ltr'>volat</span> <span class='ocrx_word' id='word_1_95' title='bbox 184 1241 275 1271; x_wconf 73' lang='lat' dir='ltr'>super</span> <span class='ocrx_word' id='word_1_96' title='bbox 289 1234 387 1262; x_wconf 80' lang='lat' dir='ltr'>totum</span> <span class='ocrx_word' id='word_1_97' title='bbox 403 1235 560 1263; x_wconf 76' lang='lat' dir='ltr'>terrarum</span> <span class='ocrx_word' id='word_1_98' title='bbox 586 1233 746 1264; x_wconf 73' lang='lat' dir='ltr'>ambitum.</span> <span class='ocrx_word' id='word_1_99' title='bbox 794 1234 856 1264; x_wconf 88' lang='lat' dir='ltr'>Ter</span> <span class='ocrx_word' id='word_1_100' title='bbox 873 1233 1031 1273; x_wconf 74' lang='lat' dir='ltr'>conspexit</span> <span class='ocrx_word' id='word_1_101' title='bbox 1050 1231 1192 1272; x_wconf 81' lang='lat' dir='ltr'>frigidas</span> <span class='ocrx_word' id='word_1_102' title='bbox 1212 1233 1321 1272; x_wconf 82' lang='lat' dir='ltr'>Ursas,</span> <span class='ocrx_word' id='word_1_103' title='bbox 1343 1235 1393 1262; x_wconf 78' lang='lat' dir='ltr'>ter</span> <span class='ocrx_word' id='word_1_104' title='bbox 1422 1233 1554 1262; x_wconf 64' lang='lat' dir='ltr'>lacertos</span> 
     </span>
     <span class='ocr_line' id='line_1_19' title="bbox 90 1273 1552 1314; baseline -0.001 -11"><span class='ocrx_word' id='word_1_105' title='bbox 90 1274 215 1304; x_wconf 73' lang='lat' dir='ltr'>Cancri.</span> <span class='ocrx_word' id='word_1_106' title='bbox 262 1274 352 1314; x_wconf 80' lang='lat' dir='ltr'>Saepe</span> <span class='ocrx_word' id='word_1_107' title='bbox 377 1275 521 1314; x_wconf 77' lang='lat' dir='ltr'>abreptus</span> <span class='ocrx_word' id='word_1_108' title='bbox 546 1279 591 1305; x_wconf 78' lang='lat' dir='ltr'>est</span> <span class='ocrx_word' id='word_1_109' title='bbox 618 1276 673 1306; x_wconf 83' lang='lat' dir='ltr'>sub</span> <span class='ocrx_word' id='word_1_110' title='bbox 697 1284 831 1311; x_wconf 73' lang='lat' dir='ltr'>occasus,</span> <span class='ocrx_word' id='word_1_111' title='bbox 857 1285 937 1312; x_wconf 79' lang='lat' dir='ltr'>soepe</span> <span class='ocrx_word' id='word_1_112' title='bbox 963 1275 996 1303; x_wconf 81' lang='lat' dir='ltr'>in</span> <span class='ocrx_word' id='word_1_113' title='bbox 1021 1279 1118 1304; x_wconf 78' lang='lat' dir='ltr'>ortas.</span> <span class='ocrx_word' id='word_1_114' title='bbox 1162 1276 1297 1313; x_wconf 84' lang='lat' dir='ltr'>Jamque</span> <span class='ocrx_word' id='word_1_115' title='bbox 1323 1275 1374 1303; x_wconf 81' lang='lat' dir='ltr'>die</span> <span class='ocrx_word' id='word_1_116' title='bbox 1396 1273 1552 1303; x_wconf 78' lang='lat' dir='ltr'>occidente</span> 
     </span>
     <span class='ocr_line' id='line_1_20' title="bbox 85 1313 1555 1354; baseline -0.001 -8"><span class='ocrx_word' id='word_1_117' title='bbox 85 1318 223 1346; x_wconf 68' lang='lat' dir='ltr'>metum</span> <span class='ocrx_word' id='word_1_118' title='bbox 236 1325 267 1346; x_wconf 80' lang='lat' dir='ltr'>se</span> <span class='ocrx_word' id='word_1_119' title='bbox 282 1317 472 1346; x_wconf 81' lang='lat' dir='ltr'>committere</span> <span class='ocrx_word' id='word_1_120' title='bbox 485 1316 621 1345; x_wconf 79' lang='lat' dir='ltr'>tenebris</span> <span class='ocrx_word' id='word_1_121' title='bbox 633 1316 781 1354; x_wconf 77' lang='lat' dir='ltr'>requievit</span> <span class='ocrx_word' id='word_1_122' title='bbox 797 1315 828 1345; x_wconf 84' lang='lat' dir='ltr'>in</span> <span class='ocrx_word' id='word_1_123' title='bbox 840 1319 931 1354; x_wconf 85' lang='lat' dir='ltr'>parte</span> <span class='ocrx_word' id='word_1_124' title='bbox 941 1314 1024 1344; x_wconf 86' lang='lat' dir='ltr'>orbis</span> <span class='ocrx_word' id='word_1_125' title='bbox 1039 1315 1177 1354; x_wconf 77' lang='lat' dir='ltr'>occidua,</span> <span class='ocrx_word' id='word_1_126' title='bbox 1193 1319 1229 1345; x_wconf 87' lang='lat' dir='ltr'>et</span> <span class='ocrx_word' id='word_1_127' title='bbox 1244 1324 1339 1353; x_wconf 81' lang='lat' dir='ltr'>regno</span> <span class='ocrx_word' id='word_1_128' title='bbox 1355 1313 1510 1352; x_wconf 74' lang='lat' dir='ltr'>Atlantis,</span> <span class='ocrx_word' id='word_1_129' title='bbox 1523 1317 1555 1345; x_wconf 73' lang='lat' dir='ltr'>et</span> 
     </span>
    </p>

    <p class='ocr_par' dir='ltr' id='par_1_13' title="bbox 177 1356 1553 1395">
     <span class='ocr_line' id='line_1_21' title="bbox 177 1356 1553 1395; baseline 0.001 -8"><span class='ocrx_word' id='word_1_130' title='bbox 177 1358 199 1388; x_wconf 78' lang='lat' dir='ltr'>’t</span> <span class='ocrx_word' id='word_1_131' title='bbox 214 1358 331 1387; x_wconf 71' lang='lat' dir='ltr'>bretem</span> <span class='ocrx_word' id='word_1_132' title='bbox 346 1365 495 1395; x_wconf 81' lang='lat' dir='ltr'>somnum,</span> <span class='ocrx_word' id='word_1_133' title='bbox 517 1357 611 1387; x_wconf 84' lang='lat' dir='ltr'>donec</span> <span class='ocrx_word' id='word_1_134' title='bbox 626 1356 754 1394; x_wconf 84' lang='lat' dir='ltr'>Lucifer</span> <span class='ocrx_word' id='word_1_135' title='bbox 769 1360 905 1388; x_wconf 77' lang='lat' dir='ltr'>arcessat</span> <span class='ocrx_word' id='word_1_136' title='bbox 920 1357 1022 1387; x_wconf 82' lang='lat' dir='ltr'>lumen</span> <span class='ocrx_word' id='word_1_137' title='bbox 1050 1359 1193 1395; x_wconf 66' lang='lat' dir='ltr'>Aurora»,</span> <span class='ocrx_word' id='word_1_138' title='bbox 1209 1357 1335 1388; x_wconf 80' lang='lat' dir='ltr'>Aurora</span> <span class='ocrx_word' id='word_1_139' title='bbox 1356 1366 1463 1387; x_wconf 75' lang='lat' dir='ltr'>currus</span> <span class='ocrx_word' id='word_1_140' title='bbox 1478 1356 1553 1388; x_wconf 77' lang='lat' dir='ltr'>diei.</span> 
     </span>
    </p>
   </div>
   <div class='ocr_carea' id='block_1_13' title="bbox 82 1398 1556 1569">
    <p class='ocr_par' dir='ltr' id='par_1_14' title="bbox 82 1398 1556 1569">
     <span class='ocr_line' id='line_1_22' title="bbox 88 1398 1551 1440; baseline 0 -10"><span class='ocrx_word' id='word_1_141' title='bbox 88 1400 155 1430; x_wconf 75' lang='lat' dir='ltr'>Hic</span> <span class='ocrx_word' id='word_1_142' title='bbox 167 1398 260 1430; x_wconf 71' lang='lat' dir='ltr'>Atlas</span> <span class='ocrx_word' id='word_1_143' title='bbox 279 1398 478 1440; x_wconf 71' lang='lat' dir='ltr'>Iapetifiliue</span> <span class='ocrx_word' id='word_1_144' title='bbox 504 1399 676 1439; x_wconf 78' lang='lat' dir='ltr'>praecelluit</span> <span class='ocrx_word' id='word_1_145' title='bbox 700 1399 842 1430; x_wconf 77' lang='lat' dir='ltr'>omnibus</span> <span class='ocrx_word' id='word_1_146' title='bbox 864 1399 1038 1429; x_wconf 79' lang='lat' dir='ltr'>hominibus</span> <span class='ocrx_word' id='word_1_147' title='bbox 1050 1399 1238 1439; x_wconf 75' lang='lat' dir='ltr'>proceritate</span> <span class='ocrx_word' id='word_1_148' title='bbox 1252 1401 1401 1440; x_wconf 83' lang='lat' dir='ltr'>corporis.</span> <span class='ocrx_word' id='word_1_149' title='bbox 1453 1399 1551 1430; x_wconf 82' lang='lat' dir='ltr'>Terra</span> 
     </span>
     <span class='ocr_line' id='line_1_23' title="bbox 86 1440 1556 1482; baseline -0.001 -9"><span class='ocrx_word' id='word_1_150' title='bbox 86 1444 226 1473; x_wconf 72' lang='lat' dir='ltr'>extrema</span> <span class='ocrx_word' id='word_1_151' title='bbox 242 1445 270 1472; x_wconf 81' lang='lat' dir='ltr'>et</span> <span class='ocrx_word' id='word_1_152' title='bbox 289 1451 372 1472; x_wconf 80' lang='lat' dir='ltr'>mare</span> <span class='ocrx_word' id='word_1_153' title='bbox 389 1442 542 1472; x_wconf 89' lang='lat' dir='ltr'>ultimum</span> <span class='ocrx_word' id='word_1_154' title='bbox 558 1443 637 1482; x_wconf 83' lang='lat' dir='ltr'>quod</span> <span class='ocrx_word' id='word_1_155' title='bbox 652 1441 776 1481; x_wconf 49' lang='lat' dir='ltr'>subjicit</span> <span class='ocrx_word' id='word_1_156' title='bbox 792 1451 889 1482; x_wconf 79' lang='lat' dir='ltr'>aquas</span> <span class='ocrx_word' id='word_1_157' title='bbox 910 1441 995 1482; x_wconf 80' lang='lat' dir='ltr'>equis</span> <span class='ocrx_word' id='word_1_158' title='bbox 1010 1440 1095 1473; x_wconf 70' lang='lat' dir='ltr'>Solis</span> <span class='ocrx_word' id='word_1_159' title='bbox 1111 1442 1282 1481; x_wconf 75' lang='lat' dir='ltr'>exhaustis,</span> <span class='ocrx_word' id='word_1_160' title='bbox 1296 1446 1325 1473; x_wconf 89' lang='lat' dir='ltr'>et</span> <span class='ocrx_word' id='word_1_161' title='bbox 1352 1442 1469 1481; x_wconf 80' lang='lat' dir='ltr'>excipit</span> <span class='ocrx_word' id='word_1_162' title='bbox 1484 1451 1556 1473; x_wconf 84' lang='lat' dir='ltr'>cur-</span> 
     </span>
     <span class='ocr_line' id='line_1_24' title="bbox 86 1483 1554 1525; baseline -0.001 -10"><span class='ocrx_word' id='word_1_163' title='bbox 86 1493 140 1515; x_wconf 71' lang='lat' dir='ltr'>ru</span> <span class='ocrx_word' id='word_1_164' title='bbox 153 1485 258 1524; x_wconf 75' lang='lat' dir='ltr'>lassos,</span> <span class='ocrx_word' id='word_1_165' title='bbox 273 1483 342 1522; x_wconf 80' lang='lat' dir='ltr'>fuit</span> <span class='ocrx_word' id='word_1_166' title='bbox 365 1484 420 1515; x_wconf 73' lang='lat' dir='ltr'>sub</span> <span class='ocrx_word' id='word_1_167' title='bbox 433 1485 488 1515; x_wconf 84' lang='lat' dir='ltr'>hoc</span> <span class='ocrx_word' id='word_1_168' title='bbox 501 1493 584 1523; x_wconf 83' lang='lat' dir='ltr'>rege.</span> <span class='ocrx_word' id='word_1_169' title='bbox 629 1484 722 1516; x_wconf 70' lang='lat' dir='ltr'>Mitte</span> <span class='ocrx_word' id='word_1_170' title='bbox 741 1494 855 1525; x_wconf 82' lang='lat' dir='ltr'>greges</span> <span class='ocrx_word' id='word_1_171' title='bbox 870 1487 902 1515; x_wconf 83' lang='lat' dir='ltr'>et</span> <span class='ocrx_word' id='word_1_172' title='bbox 924 1484 1055 1515; x_wconf 67' lang='lat' dir='ltr'>totidem</span> <span class='ocrx_word' id='word_1_173' title='bbox 1067 1488 1210 1516; x_wconf 83' lang='lat' dir='ltr'>armenta</span> <span class='ocrx_word' id='word_1_174' title='bbox 1222 1484 1271 1516; x_wconf 77' lang='lat' dir='ltr'>illi</span> <span class='ocrx_word' id='word_1_175' title='bbox 1286 1485 1483 1525; x_wconf 67' lang='lat' dir='ltr'>vagabantur</span> <span class='ocrx_word' id='word_1_176' title='bbox 1498 1493 1554 1524; x_wconf 84' lang='lat' dir='ltr'>per</span> 
     </span>
     <span class='ocr_line' id='line_1_25' title="bbox 82 1526 1552 1569; baseline 0 -11"><span class='ocrx_word' id='word_1_177' title='bbox 82 1527 251 1567; x_wconf 60' lang='grc' dir='ltr'><strong><em>Μαι,-</em></strong></span> <span class='ocrx_word' id='word_1_178' title='bbox 271 1531 301 1558; x_wconf 88' lang='lat' dir='ltr'>et</span> <span class='ocrx_word' id='word_1_179' title='bbox 316 1528 401 1558; x_wconf 81' lang='lat' dir='ltr'>nulla</span> <span class='ocrx_word' id='word_1_180' title='bbox 412 1526 528 1558; x_wconf 78' lang='lat' dir='ltr'>vicinia</span> <span class='ocrx_word' id='word_1_181' title='bbox 539 1527 655 1559; x_wconf 85' lang='lat' dir='ltr'>colebat</span> <span class='ocrx_word' id='word_1_182' title='bbox 672 1531 799 1559; x_wconf 83' lang='lat' dir='ltr'>terram.</span> <span class='ocrx_word' id='word_1_183' title='bbox 848 1526 939 1559; x_wconf 74' lang='lat' dir='ltr'>Folia</span> <span class='ocrx_word' id='word_1_184' title='bbox 954 1526 1099 1559; x_wconf 84' lang='lat' dir='ltr'>arborum</span> <span class='ocrx_word' id='word_1_185' title='bbox 1109 1529 1301 1569; x_wconf 72' lang='lat' dir='ltr'>splendentia</span> <span class='ocrx_word' id='word_1_186' title='bbox 1313 1537 1390 1560; x_wconf 83' lang='lat' dir='ltr'>auro</span> <span class='ocrx_word' id='word_1_187' title='bbox 1405 1527 1552 1567; x_wconf 82' lang='lat' dir='ltr'>micante,</span> 
     </span>
    </p>
   </div>
   <div class='ocr_carea' id='block_1_14' title="bbox 701 1623 894 1636">
    <p class='ocr_par' dir='ltr' id='par_1_15' title="bbox 701 1623 894 1636">
     <span class='ocr_line' id='line_1_26' title="bbox 701 1623 894 1636; baseline 0 1387"><span class='ocrx_word' id='word_1_188' title='bbox 701 1623 894 1636; x_wconf 95' lang='lat' dir='ltr'> </span> 
     </span>
    </p>
   </div>
   <div class='ocr_carea' id='block_1_15' title="bbox 896 1624 935 1635">
    <p class='ocr_par' dir='ltr' id='par_1_16' title="bbox 896 1624 935 1635">
     <span class='ocr_line' id='line_1_27' title="bbox 896 1624 935 1635; baseline 0 0"><span class='ocrx_word' id='word_1_189' title='bbox 896 1624 935 1635; x_wconf 63' lang='grc' dir='ltr'><strong><em>Ν</em></strong></span> 
     </span>
    </p>
   </div>
   <div class='ocr_carea' id='block_1_16' title="bbox 84 1687 1559 2068">
    <p class='ocr_par' dir='ltr' id='par_1_17' title="bbox 84 1687 1559 2068">
     <span class='ocr_line' id='line_1_28' title="bbox 84 1687 1556 1730; baseline 0.001 -12"><span class='ocrx_word' id='word_1_190' title='bbox 84 1688 128 1718; x_wconf 85' lang='lat' dir='ltr'>V.</span> <span class='ocrx_word' id='word_1_191' title='bbox 146 1687 203 1718; x_wconf 82' lang='lat' dir='ltr'>alii</span> <span class='ocrx_word' id='word_1_192' title='bbox 218 1697 358 1728; x_wconf 80' lang='lat' dir='ltr'>oequore:</span> <span class='ocrx_word' id='word_1_193' title='bbox 382 1688 473 1727; x_wconf 82' lang='lat' dir='ltr'>longo</span> <span class='ocrx_word' id='word_1_194' title='bbox 490 1688 592 1718; x_wconf 86' lang='lat' dir='ltr'>etiam</span> <span class='ocrx_word' id='word_1_195' title='bbox 610 1697 678 1719; x_wconf 90' lang='lat' dir='ltr'>sec.</span> <span class='ocrx_word' id='word_1_196' title='bbox 694 1688 790 1720; x_wconf 81' lang='lat' dir='ltr'>Med.</span> <span class='ocrx_word' id='word_1_197' title='bbox 807 1693 843 1720; x_wconf 85' lang='lat' dir='ltr'>et</span> <span class='ocrx_word' id='word_1_198' title='bbox 857 1689 923 1720; x_wconf 92' lang='lat' dir='ltr'>duo</span> <span class='ocrx_word' id='word_1_199' title='bbox 937 1689 1112 1721; x_wconf 52' lang='lat' dir='ltr'>alit—624</span> <span class='ocrx_word' id='word_1_200' title='bbox 1128 1689 1300 1730; x_wconf 83' lang='lat' dir='ltr'>Bernegg.</span> <span class='ocrx_word' id='word_1_201' title='bbox 1318 1689 1377 1721; x_wconf 87' lang='lat' dir='ltr'>Ter</span> <span class='ocrx_word' id='word_1_202' title='bbox 1403 1688 1556 1728; x_wconf 81' lang='lat' dir='ltr'>geminas.</span> 
     </span>
     <span class='ocr_line' id='line_1_29' title="bbox 86 1729 1558 1772; baseline 0.001 -11"><span class='ocrx_word' id='word_1_203' title='bbox 86 1732 193 1761; x_wconf 81' lang='lat'><strong>—625</strong></span> <span class='ocrx_word' id='word_1_204' title='bbox 218 1729 257 1761; x_wconf 90' lang='lat' dir='ltr'>In</span> <span class='ocrx_word' id='word_1_205' title='bbox 277 1740 343 1761; x_wconf 89' lang='lat' dir='ltr'>uno</span> <span class='ocrx_word' id='word_1_206' title='bbox 366 1730 408 1762; x_wconf 86' lang='lat' dir='ltr'>V.</span> <span class='ocrx_word' id='word_1_207' title='bbox 424 1733 469 1760; x_wconf 66' lang='lat' dir='ltr'>est</span> <span class='ocrx_word' id='word_1_208' title='bbox 490 1732 732 1762; x_wconf 71' lang='lat' dir='ltr'>delatus.—627</span> <span class='ocrx_word' id='word_1_209' title='bbox 757 1732 920 1772; x_wconf 84' lang='lat' dir='ltr'>Plerique</span> <span class='ocrx_word' id='word_1_210' title='bbox 938 1732 1047 1764; x_wconf 89' lang='lat' dir='ltr'>Codd.</span> <span class='ocrx_word' id='word_1_211' title='bbox 1062 1733 1150 1771; x_wconf 76' lang='lat' dir='ltr'>regis</span> <span class='ocrx_word' id='word_1_212' title='bbox 1166 1733 1327 1764; x_wconf 77' lang='lat' dir='ltr'>Atlantis.-</span> <span class='ocrx_word' id='word_1_213' title='bbox 1350 1733 1457 1771; x_wconf 82' lang='lat' dir='ltr'>regnis</span> <span class='ocrx_word' id='word_1_214' title='bbox 1473 1731 1558 1762; x_wconf 87' lang='lat' dir='ltr'>reci·</span> 
     </span>
     <span class='ocr_line' id='line_1_30' title="bbox 87 1772 1556 1815; baseline 0 -12"><span class='ocrx_word' id='word_1_215' title='bbox 87 1772 139 1812; x_wconf 86' lang='lat' dir='ltr'>pit</span> <span class='ocrx_word' id='word_1_216' title='bbox 155 1772 387 1804; x_wconf 80' lang='lat' dir='ltr'>Heins.—629</span> <span class='ocrx_word' id='word_1_217' title='bbox 413 1773 497 1804; x_wconf 82' lang='lat' dir='ltr'>Mss.</span> <span class='ocrx_word' id='word_1_218' title='bbox 519 1774 652 1805; x_wconf 88' lang='lat' dir='ltr'>Bersm.</span> <span class='ocrx_word' id='word_1_219' title='bbox 678 1775 819 1805; x_wconf 77' lang='lat' dir='ltr'>Evocat:</span> <span class='ocrx_word' id='word_1_220' title='bbox 846 1775 941 1806; x_wconf 88' lang='lat' dir='ltr'>Leid.</span> <span class='ocrx_word' id='word_1_221' title='bbox 967 1776 1126 1806; x_wconf 81' lang='lat' dir='ltr'>Provocet.</span> <span class='ocrx_word' id='word_1_222' title='bbox 1154 1775 1471 1815; x_wconf 71' lang='lat' dir='ltr'>Bernegg.currus;</span> <span class='ocrx_word' id='word_1_223' title='bbox 1496 1772 1556 1804; x_wconf 84' lang='lat' dir='ltr'>alii</span> 
     </span>
     <span class='ocr_line' id='line_1_31' title="bbox 86 1816 1555 1856; baseline 0 -11"><span class='ocrx_word' id='word_1_224' title='bbox 86 1817 309 1846; x_wconf 61' lang='lat' dir='ltr'>curcua—6³0</span> <span class='ocrx_word' id='word_1_225' title='bbox 335 1817 470 1846; x_wconf 75' lang='lat' dir='ltr'>Cunctos</span> <span class='ocrx_word' id='word_1_226' title='bbox 496 1816 545 1847; x_wconf 80' lang='lat' dir='ltr'>Fi.</span> <span class='ocrx_word' id='word_1_227' title='bbox 562 1817 595 1847; x_wconf 90' lang='lat' dir='ltr'>S.</span> <span class='ocrx_word' id='word_1_228' title='bbox 629 1816 736 1847; x_wconf 80' lang='lat' dir='ltr'>Marc.</span> <span class='ocrx_word' id='word_1_229' title='bbox 765 1818 933 1856; x_wconf 81' lang='lat' dir='ltr'>Bernegg.</span> <span class='ocrx_word' id='word_1_230' title='bbox 958 1822 995 1848; x_wconf 91' lang='lat' dir='ltr'>et</span> <span class='ocrx_word' id='word_1_231' title='bbox 1019 1818 1096 1853; x_wconf 74' lang='lat' dir='ltr'>alii3</span> <span class='ocrx_word' id='word_1_232' title='bbox 1119 1817 1214 1856; x_wconf 84' lang='lat' dir='ltr'>vulg.</span> <span class='ocrx_word' id='word_1_233' title='bbox 1238 1817 1366 1847; x_wconf 70' lang='lat' dir='ltr'>curretis.</span> <span class='ocrx_word' id='word_1_234' title='bbox 1382 1817 1465 1848; x_wconf 79' lang='lat' dir='ltr'>Jun.</span> <span class='ocrx_word' id='word_1_235' title='bbox 1486 1816 1555 1854; x_wconf 79' lang='lat' dir='ltr'>ing.</span> 
     </span>
     <span class='ocr_line' id='line_1_32' title="bbox 87 1857 1557 1899; baseline 0 -12"><span class='ocrx_word' id='word_1_236' title='bbox 87 1866 169 1897; x_wconf 76' lang='lat' dir='ltr'>corp.</span> <span class='ocrx_word' id='word_1_237' title='bbox 186 1857 304 1895; x_wconf 77' lang='lat' dir='ltr'>major.-</span> <span class='ocrx_word' id='word_1_238' title='bbox 332 1858 363 1887; x_wconf 77' lang='lat' dir='ltr'>M</span> <span class='ocrx_word' id='word_1_239' title='bbox 371 1867 413 1887; x_wconf 76' lang='lat' dir='ltr'>ss.</span> <span class='ocrx_word' id='word_1_240' title='bbox 439 1857 571 1888; x_wconf 83' lang='lat' dir='ltr'>Bersiu.</span> <span class='ocrx_word' id='word_1_241' title='bbox 588 1858 734 1889; x_wconf 75' lang='lat' dir='ltr'>membris</span> <span class='ocrx_word' id='word_1_242' title='bbox 748 1861 777 1888; x_wconf 82' lang='lat' dir='ltr'>et</span> <span class='ocrx_word' id='word_1_243' title='bbox 805 1868 928 1898; x_wconf 78' lang='lat' dir='ltr'>corpore</span> <span class='ocrx_word' id='word_1_244' title='bbox 941 1862 1209 1899; x_wconf 58' lang='lat' dir='ltr'>pumturum—631</span> <span class='ocrx_word' id='word_1_245' title='bbox 1236 1859 1316 1889; x_wconf 90' lang='lat' dir='ltr'>Duo</span> <span class='ocrx_word' id='word_1_246' title='bbox 1332 1858 1428 1889; x_wconf 84' lang='lat' dir='ltr'>Leid.</span> <span class='ocrx_word' id='word_1_247' title='bbox 1446 1863 1480 1889; x_wconf 86' lang='lat' dir='ltr'>et</span> <span class='ocrx_word' id='word_1_248' title='bbox 1497 1866 1557 1888; x_wconf 78' lang='lat' dir='ltr'>sex</span> 
     </span>
     <span class='ocr_line' id='line_1_33' title="bbox 88 1899 1556 1942; baseline 0.002 -13"><span class='ocrx_word' id='word_1_249' title='bbox 88 1899 145 1930; x_wconf 84' lang='lat' dir='ltr'>alii</span> <span class='ocrx_word' id='word_1_250' title='bbox 161 1900 515 1940; x_wconf 70' lang='lat' dir='ltr'>Japetioniades.—033</span> <span class='ocrx_word' id='word_1_251' title='bbox 540 1900 636 1931; x_wconf 83' lang='lat' dir='ltr'>Unus</span> <span class='ocrx_word' id='word_1_252' title='bbox 660 1905 688 1931; x_wconf 88' lang='lat' dir='ltr'>et</span> <span class='ocrx_word' id='word_1_253' title='bbox 705 1900 835 1941; x_wconf 72' lang='lat' dir='ltr'>flexos,-</span> <span class='ocrx_word' id='word_1_254' title='bbox 860 1901 949 1931; x_wconf 86' lang='lat' dir='ltr'>unde</span> <span class='ocrx_word' id='word_1_255' title='bbox 977 1902 1099 1933; x_wconf 78' lang='lat' dir='ltr'>Heius·</span> <span class='ocrx_word' id='word_1_256' title='bbox 1116 1902 1203 1941; x_wconf 89' lang='lat' dir='ltr'>conj.</span> <span class='ocrx_word' id='word_1_257' title='bbox 1228 1901 1375 1942; x_wconf 71' lang='lat' dir='ltr'>deflexos.</span> <span class='ocrx_word' id='word_1_258' title='bbox 1398 1901 1438 1931; x_wconf 90' lang='lat' dir='ltr'>R.</span> <span class='ocrx_word' id='word_1_259' title='bbox 1454 1901 1556 1932; x_wconf 87' lang='lat' dir='ltr'>Cant.</span> 
     </span>
     <span class='ocr_line' id='line_1_34' title="bbox 86 1940 1559 1983; baseline 0.001 -11"><span class='ocrx_word' id='word_1_260' title='bbox 86 1940 184 1973; x_wconf 84' lang='lat' dir='ltr'>Leid.</span> <span class='ocrx_word' id='word_1_261' title='bbox 201 1948 236 1972; x_wconf 81' lang='lat' dir='ltr'>et</span> <span class='ocrx_word' id='word_1_262' title='bbox 252 1942 400 1982; x_wconf 87' lang='lat' dir='ltr'>quinque</span> <span class='ocrx_word' id='word_1_263' title='bbox 417 1942 487 1979; x_wconf 77' lang='lat' dir='ltr'>alii,</span> <span class='ocrx_word' id='word_1_264' title='bbox 505 1948 540 1973; x_wconf 81' lang='lat' dir='ltr'>et</span> <span class='ocrx_word' id='word_1_265' title='bbox 558 1943 623 1973; x_wconf 88' lang='lat' dir='ltr'>Ms.</span> <span class='ocrx_word' id='word_1_266' title='bbox 646 1943 779 1973; x_wconf 76' lang='lat' dir='ltr'>Bersm.</span> <span class='ocrx_word' id='word_1_267' title='bbox 795 1943 911 1982; x_wconf 78' lang='lat' dir='ltr'>accipit</span> <span class='ocrx_word' id='word_1_268' title='bbox 933 1953 1034 1979; x_wconf 54' lang='lat' dir='ltr'>axem</span> <span class='ocrx_word' id='word_1_269' title='bbox 1055 1944 1185 1974; x_wconf 87' lang='lat' dir='ltr'>Thuan.</span> <span class='ocrx_word' id='word_1_270' title='bbox 1202 1949 1237 1974; x_wconf 82' lang='lat' dir='ltr'>et</span> <span class='ocrx_word' id='word_1_271' title='bbox 1260 1944 1316 1973; x_wconf 81' lang='lat' dir='ltr'>alii</span> <span class='ocrx_word' id='word_1_272' title='bbox 1332 1948 1479 1983; x_wconf 82' lang='lat' dir='ltr'>quatuor</span> <span class='ocrx_word' id='word_1_273' title='bbox 1494 1952 1559 1973; x_wconf 72' lang='lat' dir='ltr'>sus·</span> 
     </span>
     <span class='ocr_line' id='line_1_35' title="bbox 86 1984 1557 2025; baseline -0.001 -10"><span class='ocrx_word' id='word_1_274' title='bbox 86 1984 280 2024; x_wconf 59' lang='lat' dir='ltr'>cipit—0³5</span> <span class='ocrx_word' id='word_1_275' title='bbox 308 1984 496 2014; x_wconf 81' lang='lat' dir='ltr'>Premebant</span> <span class='ocrx_word' id='word_1_276' title='bbox 515 1985 562 2014; x_wconf 84' lang='lat' dir='ltr'>Fl.</span> <span class='ocrx_word' id='word_1_277' title='bbox 588 1986 622 2015; x_wconf 88' lang='lat' dir='ltr'>S.</span> <span class='ocrx_word' id='word_1_278' title='bbox 639 1985 749 2016; x_wconf 83' lang='lat' dir='ltr'>Marc.</span> <span class='ocrx_word' id='word_1_279' title='bbox 765 1989 800 2015; x_wconf 85' lang='lat' dir='ltr'>et</span> <span class='ocrx_word' id='word_1_280' title='bbox 827 1994 880 2025; x_wconf 88' lang='lat' dir='ltr'>pr.</span> <span class='ocrx_word' id='word_1_281' title='bbox 909 1984 1082 2016; x_wconf 81' lang='lat' dir='ltr'>Erfurtan.</span> <span class='ocrx_word' id='word_1_282' title='bbox 1106 1986 1161 2015; x_wconf 85' lang='lat' dir='ltr'>alii</span> <span class='ocrx_word' id='word_1_283' title='bbox 1175 1985 1454 2024; x_wconf 61' lang='lat' dir='ltr'>premebat—636</span> <span class='ocrx_word' id='word_1_284' title='bbox 1478 1984 1557 2015; x_wconf 78' lang='lat' dir='ltr'>Pal.</span> 
     </span>
     <span class='ocr_line' id='line_1_36' title="bbox 87 2026 1556 2068; baseline -0.001 -10"><span class='ocrx_word' id='word_1_285' title='bbox 87 2032 124 2058; x_wconf 79' lang='lat' dir='ltr'>et</span> <span class='ocrx_word' id='word_1_286' title='bbox 135 2027 224 2058; x_wconf 87' lang='lat' dir='ltr'>Mor.</span> <span class='ocrx_word' id='word_1_287' title='bbox 242 2031 277 2057; x_wconf 90' lang='lat' dir='ltr'>et</span> <span class='ocrx_word' id='word_1_288' title='bbox 301 2026 358 2057; x_wconf 88' lang='lat' dir='ltr'>Fr.</span> <span class='ocrx_word' id='word_1_289' title='bbox 374 2036 436 2067; x_wconf 87' lang='lat' dir='ltr'>pro</span> <span class='ocrx_word' id='word_1_290' title='bbox 451 2026 519 2058; x_wconf 86' lang='lat' dir='ltr'>div.</span> <span class='ocrx_word' id='word_1_291' title='bbox 536 2027 619 2059; x_wconf 86' lang='lat' dir='ltr'>lect.</span> <span class='ocrx_word' id='word_1_292' title='bbox 635 2028 781 2058; x_wconf 78' lang='lat' dir='ltr'>radiante</span> <span class='ocrx_word' id='word_1_293' title='bbox 801 2027 972 2064; x_wconf 55' lang='lat' dir='ltr'>micantem</span> <span class='ocrx_word' id='word_1_294' title='bbox 997 2028 1149 2058; x_wconf 78' lang='lat' dir='ltr'>nonnulli</span> <span class='ocrx_word' id='word_1_295' title='bbox 1165 2028 1222 2058; x_wconf 88' lang='lat' dir='ltr'>alii</span> <span class='ocrx_word' id='word_1_296' title='bbox 1238 2033 1275 2058; x_wconf 85' lang='lat' dir='ltr'>et</span> <span class='ocrx_word' id='word_1_297' title='bbox 1292 2026 1448 2068; x_wconf 81' lang='lat' dir='ltr'>quaedam</span> <span class='ocrx_word' id='word_1_298' title='bbox 1466 2026 1556 2058; x_wconf 87' lang='lat' dir='ltr'>Edd.</span> 
     </span>
    </p>
   </div>
   <div class='ocr_carea' id='block_1_17' title="bbox 744 2123 884 2155">
    <p class='ocr_par' dir='ltr' id='par_1_18' title="bbox 744 2123 884 2155">
     <span class='ocr_line' id='line_1_37' title="bbox 744 2123 884 2155; baseline 0 -1"><span class='ocrx_word' id='word_1_299' title='bbox 744 2123 884 2155; x_wconf 80' lang='lat' dir='ltr'>NOTAE</span> 
     </span>
    </p>
   </div>
   <div class='ocr_carea' id='block_1_18' title="bbox 87 2196 796 2798">
    <p class='ocr_par' dir='ltr' id='par_1_19' title="bbox 87 2196 796 2747">
     <span class='ocr_line' id='line_1_38' title="bbox 130 2196 796 2238; baseline 0 -9"><span class='ocrx_word' id='word_1_300' title='bbox 130 2200 193 2230; x_wconf 80' lang='lat'>627</span> <span class='ocrx_word' id='word_1_301' title='bbox 216 2197 375 2238; x_wconf 70' lang='lat' dir='ltr'>Atlantis]</span> <span class='ocrx_word' id='word_1_302' title='bbox 406 2197 475 2229; x_wconf 84' lang='lat' dir='ltr'>Hic</span> <span class='ocrx_word' id='word_1_303' title='bbox 498 2197 566 2228; x_wconf 89' lang='lat' dir='ltr'>fuit</span> <span class='ocrx_word' id='word_1_304' title='bbox 591 2196 688 2228; x_wconf 77' lang='lat' dir='ltr'>Atlas</span> <span class='ocrx_word' id='word_1_305' title='bbox 711 2197 796 2229; x_wconf 89' lang='lat' dir='ltr'>Pro-</span> 
     </span>
     <span class='ocr_line' id='line_1_39' title="bbox 87 2248 795 2290; baseline -0.001 -10"><span class='ocrx_word' id='word_1_306' title='bbox 87 2249 213 2280; x_wconf 81' lang='lat' dir='ltr'>methei</span> <span class='ocrx_word' id='word_1_307' title='bbox 226 2248 468 2290; x_wconf 82' lang='lat' dir='ltr'>frater‚lapeti</span> <span class='ocrx_word' id='word_1_308' title='bbox 481 2248 582 2287; x_wconf 76' lang='lat' dir='ltr'>filius,</span> <span class='ocrx_word' id='word_1_309' title='bbox 595 2258 653 2279; x_wconf 88' lang='lat' dir='ltr'>rex</span> <span class='ocrx_word' id='word_1_310' title='bbox 666 2249 795 2280; x_wconf 78' lang='lat' dir='ltr'>Mauri-</span> 
     </span>
     <span class='ocr_line' id='line_1_40' title="bbox 89 2299 794 2342; baseline -0.003 -10"><span class='ocrx_word' id='word_1_311' title='bbox 89 2299 203 2341; x_wconf 61' lang='lat' dir='ltr'>tanin,</span> <span class='ocrx_word' id='word_1_312' title='bbox 229 2302 286 2342; x_wconf 89' lang='lat' dir='ltr'>qui</span> <span class='ocrx_word' id='word_1_313' title='bbox 310 2301 375 2331; x_wconf 79' lang='lat' dir='ltr'>sibi</span> <span class='ocrx_word' id='word_1_314' title='bbox 402 2310 420 2331; x_wconf 84' lang='lat' dir='ltr'>a</span> <span class='ocrx_word' id='word_1_315' title='bbox 445 2300 588 2341; x_wconf 83' lang='lat' dir='ltr'>quodam</span> <span class='ocrx_word' id='word_1_316' title='bbox 605 2300 702 2332; x_wconf 78' lang='lat' dir='ltr'>Jovis</span> <span class='ocrx_word' id='word_1_317' title='bbox 725 2299 794 2331; x_wconf 87' lang='lat' dir='ltr'>filio</span> 
     </span>
     <span class='ocr_line' id='line_1_41' title="bbox 88 2349 795 2390; baseline -0.003 -8"><span class='ocrx_word' id='word_1_318' title='bbox 88 2350 231 2382; x_wconf 81' lang='lat' dir='ltr'>exitium</span> <span class='ocrx_word' id='word_1_319' title='bbox 251 2350 424 2381; x_wconf 82' lang='lat' dir='ltr'>imminere</span> <span class='ocrx_word' id='word_1_320' title='bbox 437 2360 455 2380; x_wconf 86' lang='lat' dir='ltr'>a</span> <span class='ocrx_word' id='word_1_321' title='bbox 466 2349 628 2381; x_wconf 81' lang='lat' dir='ltr'>Themide</span> <span class='ocrx_word' id='word_1_322' title='bbox 636 2350 795 2390; x_wconf 79' lang='lat' dir='ltr'>monitus,</span> 
     </span>
     <span class='ocr_line' id='line_1_42' title="bbox 88 2400 793 2441; baseline -0.001 -10"><span class='ocrx_word' id='word_1_323' title='bbox 88 2400 254 2432; x_wconf 84' lang='lat' dir='ltr'>neminem</span> <span class='ocrx_word' id='word_1_324' title='bbox 271 2410 406 2440; x_wconf 72' lang='lat' dir='ltr'>pron-ns</span> <span class='ocrx_word' id='word_1_325' title='bbox 425 2400 572 2440; x_wconf 74' lang='lat' dir='ltr'>hospitio</span> <span class='ocrx_word' id='word_1_326' title='bbox 588 2400 793 2441; x_wconf 84' lang='lat' dir='ltr'>accipiebat.</span> 
     </span>
     <span class='ocr_line' id='line_1_43' title="bbox 88 2448 793 2491; baseline -0.001 -10"><span class='ocrx_word' id='word_1_327' title='bbox 88 2448 191 2481; x_wconf 79' lang='lat' dir='ltr'>Hunc</span> <span class='ocrx_word' id='word_1_328' title='bbox 212 2450 348 2491; x_wconf 81' lang='lat' dir='ltr'>objecto</span> <span class='ocrx_word' id='word_1_329' title='bbox 363 2451 485 2491; x_wconf 80' lang='lat' dir='ltr'>clypeo</span> <span class='ocrx_word' id='word_1_330' title='bbox 505 2450 649 2481; x_wconf 77' lang='lat' dir='ltr'>Perseus</span> <span class='ocrx_word' id='word_1_331' title='bbox 664 2450 793 2481; x_wconf 73' lang='lat' dir='ltr'>aedibns</span> 
     </span>
     <span class='ocr_line' id='line_1_44' title="bbox 88 2501 793 2542; baseline -0.001 -10"><span class='ocrx_word' id='word_1_332' title='bbox 88 2501 244 2532; x_wconf 75' lang='lat' dir='ltr'>exclusus</span> <span class='ocrx_word' id='word_1_333' title='bbox 284 2502 316 2532; x_wconf 92' lang='lat' dir='ltr'>in</span> <span class='ocrx_word' id='word_1_334' title='bbox 356 2508 504 2532; x_wconf 83' lang='lat' dir='ltr'>montem</span> <span class='ocrx_word' id='word_1_335' title='bbox 544 2502 702 2540; x_wconf 85' lang='lat' dir='ltr'>mutavit,</span> <span class='ocrx_word' id='word_1_336' title='bbox 736 2502 793 2542; x_wconf 87' lang='lat' dir='ltr'>qni</span> 
     </span>
     <span class='ocr_line' id='line_1_45' title="bbox 88 2551 794 2592; baseline 0.001 -11"><span class='ocrx_word' id='word_1_337' title='bbox 88 2556 232 2592; x_wconf 81' lang='lat' dir='ltr'>propter</span> <span class='ocrx_word' id='word_1_338' title='bbox 249 2551 463 2583; x_wconf 69' lang='lat' dir='ltr'>altitudinem</span> <span class='ocrx_word' id='word_1_339' title='bbox 484 2554 603 2586; x_wconf 79' lang='lat' dir='ltr'>coeluni</span> <span class='ocrx_word' id='word_1_340' title='bbox 625 2551 794 2592; x_wconf 73' lang='lat' dir='ltr'>pertinge·</span> 
     </span>
     <span class='ocr_line' id='line_1_46' title="bbox 89 2601 793 2642; baseline 0.001 -12"><span class='ocrx_word' id='word_1_341' title='bbox 89 2609 140 2640; x_wconf 83' lang='lat' dir='ltr'>re,</span> <span class='ocrx_word' id='word_1_342' title='bbox 155 2606 255 2642; x_wconf 68' lang='lat' dir='ltr'>atque</span> <span class='ocrx_word' id='word_1_343' title='bbox 266 2601 351 2632; x_wconf 71' lang='lat' dir='ltr'>adeo</span> <span class='ocrx_word' id='word_1_344' title='bbox 368 2601 537 2632; x_wconf 77' lang='lat' dir='ltr'>sustinere</span> <span class='ocrx_word' id='word_1_345' title='bbox 551 2602 721 2632; x_wconf 71' lang='lat' dir='ltr'>creditus:</span> <span class='ocrx_word' id='word_1_346' title='bbox 739 2602 793 2632; x_wconf 92' lang='lat' dir='ltr'>cui</span> 
     </span>
     <span class='ocr_line' id='line_1_47' title="bbox 90 2651 795 2684; baseline 0.004 -3"><span class='ocrx_word' id='word_1_347' title='bbox 90 2651 215 2683; x_wconf 72' lang='lat' dir='ltr'>fabulae</span> <span class='ocrx_word' id='word_1_348' title='bbox 227 2653 338 2684; x_wconf 84' lang='lat' dir='ltr'>locum</span> <span class='ocrx_word' id='word_1_349' title='bbox 355 2654 447 2684; x_wconf 83' lang='lat' dir='ltr'>dedit</span> <span class='ocrx_word' id='word_1_350' title='bbox 465 2663 576 2684; x_wconf 82' lang='lat' dir='ltr'>reruni</span> <span class='ocrx_word' id='word_1_351' title='bbox 595 2654 795 2684; x_wconf 64' lang='lat' dir='ltr'>astronomi-</span> 
     </span>
     <span class='ocr_line' id='line_1_48' title="bbox 91 2705 794 2747; baseline 0.001 -12"><span class='ocrx_word' id='word_1_352' title='bbox 91 2713 206 2735; x_wconf 74' lang='lat' dir='ltr'>carum</span> <span class='ocrx_word' id='word_1_353' title='bbox 222 2705 346 2744; x_wconf 79' lang='lat' dir='ltr'>peritia</span> <span class='ocrx_word' id='word_1_354' title='bbox 357 2716 423 2747; x_wconf 80' lang='lat' dir='ltr'>qua</span> <span class='ocrx_word' id='word_1_355' title='bbox 440 2706 538 2737; x_wconf 81' lang='lat' dir='ltr'>Atlas</span> <span class='ocrx_word' id='word_1_356' title='bbox 552 2707 608 2738; x_wconf 92' lang='lat' dir='ltr'>ille</span> <span class='ocrx_word' id='word_1_357' title='bbox 621 2706 794 2738; x_wconf 80' lang='lat' dir='ltr'>excelluit.</span> 
     </span>
    </p>

    <p class='ocr_par' dir='ltr' id='par_1_20' title="bbox 133 2754 795 2798">
     <span class='ocr_line' id='line_1_49' title="bbox 133 2754 795 2798; baseline 0.005 -13"><span class='ocrx_word' id='word_1_358' title='bbox 133 2757 197 2786; x_wconf 72' lang='grc'>028</span> <span class='ocrx_word' id='word_1_359' title='bbox 228 2754 313 2786; x_wconf 83' lang='lat' dir='ltr'>Dum</span> <span class='ocrx_word' id='word_1_360' title='bbox 343 2755 486 2796; x_wconf 61' lang='lat' dir='ltr'>lucifer]</span> <span class='ocrx_word' id='word_1_361' title='bbox 531 2756 571 2788; x_wconf 85' lang='lat' dir='ltr'>Id</span> <span class='ocrx_word' id='word_1_362' title='bbox 600 2761 666 2798; x_wconf 81' lang='lat' dir='ltr'>est,</span> <span class='ocrx_word' id='word_1_363' title='bbox 689 2756 795 2788; x_wconf 84' lang='lat' dir='ltr'>donec</span> 
     </span>
    </p>
   </div>
   <div class='ocr_carea' id='block_1_19' title="bbox 848 2194 1559 2799">
    <p class='ocr_par' dir='ltr' id='par_1_21' title="bbox 849 2194 1559 2491">
     <span class='ocr_line' id='line_1_50' title="bbox 851 2194 1557 2229; baseline -0.004 0"><span class='ocrx_word' id='word_1_364' title='bbox 851 2198 924 2229; x_wconf 83' lang='lat' dir='ltr'>dies</span> <span class='ocrx_word' id='word_1_365' title='bbox 954 2197 1143 2229; x_wconf 83' lang='lat' dir='ltr'>illucescat.</span> <span class='ocrx_word' id='word_1_366' title='bbox 1192 2198 1255 2228; x_wconf 87' lang='lat' dir='ltr'>Est</span> <span class='ocrx_word' id='word_1_367' title='bbox 1278 2200 1393 2228; x_wconf 80' lang='lat' dir='ltr'>autem</span> <span class='ocrx_word' id='word_1_368' title='bbox 1419 2194 1557 2227; x_wconf 86' lang='lat' dir='ltr'>Lucifer</span> 
     </span>
     <span class='ocr_line' id='line_1_51' title="bbox 850 2245 1558 2288; baseline -0.004 -9"><span class='ocrx_word' id='word_1_369' title='bbox 850 2248 994 2279; x_wconf 77' lang='lat' dir='ltr'>Veneris</span> <span class='ocrx_word' id='word_1_370' title='bbox 1009 2248 1122 2287; x_wconf 82' lang='lat' dir='ltr'>stella,</span> <span class='ocrx_word' id='word_1_371' title='bbox 1138 2257 1214 2288; x_wconf 83' lang='lat' dir='ltr'>quae</span> <span class='ocrx_word' id='word_1_372' title='bbox 1231 2247 1339 2288; x_wconf 87' lang='lat' dir='ltr'>prima</span> <span class='ocrx_word' id='word_1_373' title='bbox 1366 2251 1445 2286; x_wconf 84' lang='lat' dir='ltr'>post</span> <span class='ocrx_word' id='word_1_374' title='bbox 1469 2245 1558 2277; x_wconf 74' lang='lat' dir='ltr'>Solia</span> 
     </span>
     <span class='ocr_line' id='line_1_52' title="bbox 849 2296 1559 2340; baseline -0.003 -10"><span class='ocrx_word' id='word_1_375' title='bbox 849 2308 1004 2330; x_wconf 69' lang='lat' dir='ltr'>occasum</span> <span class='ocrx_word' id='word_1_376' title='bbox 1043 2304 1197 2340; x_wconf 78' lang='lat' dir='ltr'>apparet,</span> <span class='ocrx_word' id='word_1_377' title='bbox 1242 2303 1383 2339; x_wconf 84' lang='lat' dir='ltr'>tumque</span> <span class='ocrx_word' id='word_1_378' title='bbox 1430 2296 1559 2328; x_wconf 81' lang='lat' dir='ltr'>dicitur</span> 
     </span>
     <span class='ocr_line' id='line_1_53' title="bbox 851 2349 1558 2390; baseline -0.004 -10"><span class='ocrx_word' id='word_1_379' title='bbox 851 2349 1050 2390; x_wconf 75' lang='lat' dir='ltr'>Hesperus;</span> <span class='ocrx_word' id='word_1_380' title='bbox 1077 2349 1198 2380; x_wconf 89' lang='lat' dir='ltr'>ultima</span> <span class='ocrx_word' id='word_1_381' title='bbox 1223 2349 1297 2389; x_wconf 82' lang='lat' dir='ltr'>ejus</span> <span class='ocrx_word' id='word_1_382' title='bbox 1313 2352 1438 2386; x_wconf 84' lang='lat' dir='ltr'>ortum,</span> <span class='ocrx_word' id='word_1_383' title='bbox 1454 2351 1558 2388; x_wconf 84' lang='lat' dir='ltr'>atque</span> 
     </span>
     <span class='ocr_line' id='line_1_54' title="bbox 849 2397 1557 2439; baseline -0.006 -8"><span class='ocrx_word' id='word_1_384' title='bbox 849 2400 935 2431; x_wconf 86' lang='lat' dir='ltr'>adeo</span> <span class='ocrx_word' id='word_1_385' title='bbox 954 2400 1133 2438; x_wconf 85' lang='lat' dir='ltr'>Auroram,</span> <span class='ocrx_word' id='word_1_386' title='bbox 1146 2398 1397 2439; x_wconf 84' lang='lat' dir='ltr'>antegreditur,</span> <span class='ocrx_word' id='word_1_387' title='bbox 1412 2397 1557 2428; x_wconf 82' lang='lat' dir='ltr'>dicitur-</span> 
     </span>
     <span class='ocr_line' id='line_1_55' title="bbox 849 2448 1391 2491; baseline -0.002 -10"><span class='ocrx_word' id='word_1_388' title='bbox 849 2460 913 2491; x_wconf 86' lang='lat' dir='ltr'>que</span> <span class='ocrx_word' id='word_1_389' title='bbox 931 2450 1150 2490; x_wconf 77' lang='lat' dir='ltr'>Phosphorus</span> <span class='ocrx_word' id='word_1_390' title='bbox 1167 2460 1224 2480; x_wconf 72' lang='lat' dir='ltr'>sen</span> <span class='ocrx_word' id='word_1_391' title='bbox 1242 2448 1391 2481; x_wconf 82' lang='lat' dir='ltr'>Lucifer.</span> 
     </span>
    </p>

    <p class='ocr_par' dir='ltr' id='par_1_22' title="bbox 848 2498 1555 2592">
     <span class='ocr_line' id='line_1_56' title="bbox 890 2498 1555 2541; baseline -0.006 -9"><span class='ocrx_word' id='word_1_392' title='bbox 890 2504 949 2532; x_wconf 85' lang='grc'>631</span> <span class='ocrx_word' id='word_1_393' title='bbox 984 2501 1117 2541; x_wconf 74' lang='lat' dir='ltr'>Ultima]</span> <span class='ocrx_word' id='word_1_394' title='bbox 1145 2500 1387 2531; x_wconf 82' lang='lat' dir='ltr'>Mauritaniam</span> <span class='ocrx_word' id='word_1_395' title='bbox 1400 2498 1498 2538; x_wconf 76' lang='lat' dir='ltr'>dicit,</span> <span class='ocrx_word' id='word_1_396' title='bbox 1512 2498 1555 2529; x_wconf 80' lang='lat' dir='ltr'>ad</span> 
     </span>
     <span class='ocr_line' id='line_1_57' title="bbox 848 2552 1391 2592; baseline -0.006 -9"><span class='ocrx_word' id='word_1_397' title='bbox 848 2561 940 2583; x_wconf 81' lang='lat' dir='ltr'>mare</span> <span class='ocrx_word' id='word_1_398' title='bbox 958 2552 1168 2582; x_wconf 78' lang='lat' dir='ltr'>Atlanticum</span> <span class='ocrx_word' id='word_1_399' title='bbox 1183 2556 1391 2592; x_wconf 67' lang='lat' dir='ltr'>porrvctain.</span> 
     </span>
    </p>

    <p class='ocr_par' dir='ltr' id='par_1_23' title="bbox 848 2599 1556 2685">
     <span class='ocr_line' id='line_1_58' title="bbox 890 2599 1556 2642; baseline -0.008 -9"><span class='ocrx_word' id='word_1_400' title='bbox 890 2605 952 2633; x_wconf 82' lang='grc'>633</span> <span class='ocrx_word' id='word_1_401' title='bbox 977 2601 1107 2642; x_wconf 71' lang='lat' dir='ltr'>Subdu]</span> <span class='ocrx_word' id='word_1_402' title='bbox 1137 2602 1227 2634; x_wconf 79' lang='lat' dir='ltr'>Quia</span> <span class='ocrx_word' id='word_1_403' title='bbox 1243 2602 1276 2632; x_wconf 91' lang='lat' dir='ltr'>iu</span> <span class='ocrx_word' id='word_1_404' title='bbox 1302 2599 1386 2632; x_wconf 87' lang='lat' dir='ltr'>illud</span> <span class='ocrx_word' id='word_1_405' title='bbox 1410 2599 1459 2630; x_wconf 72' lang='lat' dir='ltr'>sol</span> <span class='ocrx_word' id='word_1_406' title='bbox 1481 2605 1556 2629; x_wconf 70' lang='lat' dir='ltr'>sese</span> 
     </span>
     <span class='ocr_line' id='line_1_59' title="bbox 848 2654 1169 2685; baseline -0.006 0"><span class='ocrx_word' id='word_1_407' title='bbox 848 2654 998 2685; x_wconf 70' lang='lat' dir='ltr'>condi-re</span> <span class='ocrx_word' id='word_1_408' title='bbox 1015 2654 1169 2684; x_wconf 52' lang='lat' dir='ltr'>videtur(</span> 
     </span>
    </p>

    <p class='ocr_par' dir='ltr' id='par_1_24' title="bbox 849 2698 1554 2799">
     <span class='ocr_line' id='line_1_60' title="bbox 890 2698 1554 2742; baseline -0.011 -5"><span class='ocrx_word' id='word_1_409' title='bbox 890 2708 952 2737; x_wconf 78' lang='grc'>635</span> <span class='ocrx_word' id='word_1_410' title='bbox 983 2705 1108 2737; x_wconf 79' lang='lat' dir='ltr'>Vicinia</span> <span class='ocrx_word' id='word_1_411' title='bbox 1134 2703 1232 2742; x_wconf 75' lang='lat' dir='ltr'>nulla]</span> <span class='ocrx_word' id='word_1_412' title='bbox 1276 2701 1442 2742; x_wconf 84' lang='lat' dir='ltr'>Adeoque</span> <span class='ocrx_word' id='word_1_413' title='bbox 1463 2698 1554 2731; x_wconf 72' lang='lat' dir='ltr'>solus</span> 
     </span>
     <span class='ocr_line' id='line_1_61' title="bbox 849 2753 1332 2799; baseline -0.008 -12"><span class='ocrx_word' id='word_1_414' title='bbox 849 2755 896 2789; x_wconf 81' lang='lat' dir='ltr'>ibi</span> <span class='ocrx_word' id='word_1_415' title='bbox 911 2766 969 2788; x_wconf 81' lang='lat' dir='ltr'>rex</span> <span class='ocrx_word' id='word_1_416' title='bbox 985 2754 1052 2789; x_wconf 74' lang='lat' dir='ltr'>suit</span> <span class='ocrx_word' id='word_1_417' title='bbox 1065 2753 1332 2799; x_wconf 70' lang='lat' dir='ltr'>potentissimus.</span> 
     </span>
    </p>
   </div>
  </div>
 </body>
</html>
