1831 3023
425 604 499 659 P.
559 600 927 659 OVIDII
995 600 1471 661 NASONIS

324 819 1572 899 METAMORPHOSEON

732 1068 971 1116 LIBER
1024 1068 1169 1115 VIII.

231 1475 346 1516 FAB.
378 1476 415 1516 Ι.
476 1474 622 1528 Scylla
654 1471 757 1513 Nisi
778 1471 867 1512 filia
898 1471 940 1511 in
976 1483 1100 1511 avem
1129 1470 1264 1521 Cirin,
1301 1475 1343 1512 et
1383 1471 1517 1512 Nisus
1551 1473 1674 1525 pater
1700 1481 1703 1484 ·

629 1541 724 1594 ejus
745 1540 788 1580 in
809 1552 934 1580 avem
956 1538 1001 1578 H
1007 1539 1242 1580 aliaeetum.

229 1648 350 1678 eros
362 1646 456 1678 Jovis
473 1650 508 1676 et
524 1645 668 1684 Europae
690 1643 789 1682 filius,
805 1653 879 1674 cum
897 1647 1039 1684 propter
1053 1642 1157 1674 filium
1173 1643 1387 1683 Androgeum
1403 1642 1617 1673 interemtum
1634 1642 1676 1673 ab

271 1697 534 1730 Atheniensibus
563 1706 676 1736 poenas
703 1701 898 1736 repeteret;
934 1697 1090 1736 Megara,
1115 1697 1148 1726 in
1175 1706 1241 1736 qua
1268 1696 1351 1727 urbe
1375 1695 1539 1735 regnabat
1561 1695 1677 1734 Nisus,

271 1752 430 1782 continuo
447 1759 520 1780 cum
535 1749 798 1779 Atheniensibus
821 1749 972 1780 accessit.
1019 1750 1095 1781 Qua
1111 1753 1315 1789 expugnata,
1330 1748 1440 1778 animo
1461 1751 1680 1787 conceperat,

273 1803 392 1835 occisis
419 1801 562 1832 hostium
590 1801 769 1841 praesidiis,
793 1801 970 1832 victoriam
997 1800 1147 1832 faciliter
1172 1806 1439 1832 consecuturum.
1484 1800 1579 1830 Inter
1601 1810 1677 1841 quae

272 1857 382 1898 Scylla
392 1855 467 1886 Nisi
479 1853 548 1885 filia
559 1863 690 1884 murum
703 1853 857 1884 ascendit
867 1853 1058 1885 delectandi
1073 1853 1194 1894 gratia,
1205 1858 1344 1894 propter
1358 1853 1504 1894 lapidem
1517 1853 1681 1893 vocalem,

271 1910 327 1950 qui
342 1908 508 1949 Apollinis
520 1907 657 1939 citharae
672 1907 799 1947 positus
815 1907 959 1938 sonitum
976 1907 1161 1947 adjecerat.
1207 1907 1255 1937 Ut
1272 1907 1511 1937 animadvertit
1526 1907 1678 1938 Minoem

273 1961 346 1992 urbi
361 1961 562 1991 assidentem
577 1960 670 1990 cultu
688 1959 804 1999 regali,
815 1959 1013 2000 bellicisque
1030 1959 1132 1989 rebus
1146 1959 1322 1998 interesse,
1338 1959 1589 1998 pulchritudine
1603 1959 1677 1999 ejus

272 2015 410 2045 exarsit.
470 2014 514 2043 Et
538 2022 614 2043 cum
645 2012 796 2052 potiendi
824 2013 949 2042 nullam
980 2013 1065 2042 viam
1096 2012 1276 2050 inveniret,
1304 2017 1340 2042 ut
1362 2012 1522 2042 victorem
1545 2011 1677 2041 hostem

271 2066 402 2098 faceret
415 2066 656 2107 gloriosiorem,
674 2065 799 2096 crinem
820 2074 1026 2105 purpureum
1044 2066 1132 2104 patri
1149 2065 1327 2096 dormienti
1344 2065 1501 2105 abscidit,
1522 2075 1587 2106 quo
1605 2064 1678 2096 fata

272 2119 391 2159 patriae
421 2119 687 2149 continebantur.
747 2118 854 2149 Quem
887 2127 974 2155 cum,
1004 2118 1164 2148 reseratis
1193 2117 1298 2157 portis
1329 2122 1471 2157 accepto
1499 2118 1606 2157 hoste,
1633 2118 1676 2149 ad

274 2171 425 2201 Minoem
441 2170 648 2211 pertulisset,
665 2170 721 2200 ille
741 2170 877 2209 impium
899 2168 1029 2200 facinus
1047 2175 1234 2209 aversatuS,
1262 2170 1436 2200 novissime
1453 2179 1526 2200 eam
1542 2171 1677 2210 navigio

271 2223 427 2264 recipere
458 2223 575 2253 uoluit.
635 2223 740 2253 Patre
765 2223 835 2262 jam
860 2222 893 2252 in
921 2231 1016 2252 avem
1047 2223 1263 2262 piscatoriam
1295 2222 1546 2262 transfigurato,
1573 2233 1675 2264 quam

272 2276 385 2306 Graeci
410 2275 589 2305 haliaecton
616 2274 745 2314 dicunt,
773 2284 811 2305 ac
838 2279 1065 2315 persequente
1082 2274 1197 2314 filiam,
1219 2276 1274 2306 illa
1291 2284 1421 2316 quoque
1446 2275 1480 2306 in
1505 2275 1676 2307 volucrem

274 2328 366 2359 Citin
384 2326 622 2366 transfigurata
639 2331 700 2357 est.

228 2413 270 2470 J
275 2441 344 2471 AM
366 2430 551 2470 nitidum
572 2432 788 2481 retegente
810 2429 943 2477 diem,
971 2430 1199 2482 noctisque
1217 2430 1390 2484 fugante

230 2498 449 2550 Tempora
470 2495 682 2544 Lucifero,
706 2494 825 2535 cadit
846 2495 1014 2547 Eurus3
1045 2501 1086 2537 et
1105 2497 1284 2538 humida
1304 2501 1485 2550 surgunt
1504 2527 1513 2535 t

273 2613 295 2637 1.
319 2605 462 2644 Lucifero
469 2604 539 2643 jam
553 2604 709 2645 aperiente
726 2605 840 2635 clarum
856 2605 948 2645 diem,
973 2609 1065 2646 atque
1081 2606 1247 2646 depellente
1273 2610 1409 2647 tempora
1430 2607 1538 2647 noctis,
1561 2606 1675 2639 Subsa-

833 2688 1065 2700 eeeeeeeeeeee

277 2747 290 2774 1
318 2743 410 2775 Olim
426 2743 523 2776 edeb.
546 2747 694 2784 regente;
719 2752 833 2775 omues
858 2741 930 2775 fere
955 2743 1032 2776 libri
1052 2747 1220 2786 retegente,
1242 2748 1277 2777 et
1297 2744 1345 2776 ita
1366 2743 1548 2786 legendum
1563 2742 1674 2776 admo-
