1831 3023
568 163 1038 200 memmonpnosnou
1073 165 1165 197 mn.
1197 167 1269 200 ix.
1525 160 1636 204 1361

190 262 556 315 Partheniumque
575 271 728 300 nemus
742 258 762 297 ’ἱ
795 262 937 299 vestra
957 258 1113 299 virtute
1131 258 1294 301 relatus

191 329 581 371 Thermodontiaco
601 325 786 366 coelatus
805 324 1006 365 baltheus
1026 338 1146 375 auro,

193 395 417 449 Pomaque
437 396 493 435 ab
513 393 700 433 insomni
721 392 835 432 male
857 392 1074 433 custodita
1095 393 1314 435 dracone?
1551 396 1638 438 190

192 462 291 505 Nec
311 463 415 503 mihi
437 461 640 501 Centauri
659 464 838 513 potuere
857 461 1073 509 resistere,
1094 474 1173 502 nec
1194 463 1253 502 mi

191 529 397 572 Arcadiae
419 532 614 568 vastator
634 528 764 580 aper?
796 539 874 568 nec
896 528 1058 580 profuit
1073 527 1242 582 Hydrae

192 597 396 638 Crescere
417 608 492 648 per
510 594 727 643 damnum,
749 595 1032 647 geminasque
1052 608 1266 636 resumere
1286 596 1430 638 vires?

188 727 352 760 distinctus
366 735 441 756 auro
457 725 726 757 Thermodontiaco
750 729 926 766 reportatus
940 729 985 756 est
1000 729 1102 757 restra
1116 726 1242 765 virtute,
1257 727 1388 768 itemque
1409 728 1488 759 mala
1506 738 1525 759 α
1539 730 1641 770 pervi-

185 771 246 809 giu·
261 772 399 808 seu-prnte
414 769 492 799 nuile
514 768 662 801 sert-utu?
707 770 814 808 Neque
832 769 982 799 Centauri
996 770 1155 799 valuerunt
1170 773 1253 800 sture
1268 774 1375 802 eonem
1390 781 1458 807 me;
1480 781 1575 811 neque
1587 782 1640 803 sus

186 810 529 853 populator-Arcadiae?
574 812 681 852 Neque
707 812 784 843 utile
798 810 867 850 fuit
886 812 1036 842 Echidnae
1057 812 1167 851 augeri
1191 821 1248 851 per
1267 813 1439 853 dispendia,
1455 817 1482 844 et
1499 814 1642 854 colligere

796 894 1034 906 eeeeeeeeeeee

189 953 224 980 at
254 948 326 980 Elis
356 958 422 980 non
453 949 591 981 condita
618 953 693 981 erat
724 950 876 981 manibus
902 950 1182 982 Herculis.—188
1205 951 1357 982 Berolin.
1388 955 1493 984 nostra
1520 953 1643 985 virt.—

192 994 252 1023 189
276 992 373 1031 Saepe
393 993 554 1022 scribitur
572 993 980 1023 leermocloontiaca.—loo
995 993 1080 1024 Male
1095 993 1191 1024 dedit
1210 994 1328 1025 Heius.
1347 994 1436 1026 Ante
1453 1005 1528 1026 euin
1546 995 1643 1027 edeb.

188 1044 247 1064 non
277 1035 441 1065 custodita.
490 1035 630 1066 l’lurimi
663 1035 770 1066 Codd.
799 1036 1020 1074 concustodita,
1045 1036 1133 1076 quod
1165 1037 1386 1073 degenerasse
1409 1047 1450 1068 ex
1480 1048 1538 1068 non
1563 1042 1642 1070 cust.

190 1076 309 1107 Heius.
325 1082 451 1107 monet.
497 1078 562 1108 Sed
582 1078 756 1108 Gebhard.
774 1078 877 1118 Crep.
894 1087 950 1108 ιιι.
963 1081 1014 1109 23.
1038 1078 1118 1109 illud
1144 1079 1279 1118 probat,
1292 1079 1372 1120 quia
1385 1079 1494 1120 Atlas,
1510 1081 1644 1122 Hespe-

192 1118 283 1150 rides
299 1118 390 1160 filim,
405 1129 444 1150 ac
461 1119 564 1151 draco
579 1121 738 1152 custodes
761 1120 911 1152 coadditi
927 1119 1181 1153 sneisanc—1⁰1
1208 1121 1372 1153 Nonnulli
1389 1128 1474 1154 vett.
1492 1123 1560 1154 Nec
1575 1133 1645 1165 non,

845 1237 985 1270 NOTAE

190 1310 234 1344 ab
250 1311 402 1344 Hercule
417 1317 654 1353 expurgatum.
699 1313 807 1346 Quam
822 1313 892 1354 qui-

190 1362 267 1393 dem
285 1362 468 1398 historiam,
494 1361 522 1392 si
549 1362 637 1392 illam
654 1361 803 1392 fabulam
818 1371 892 1393 esse

191 1411 316 1451 eredis,
338 1411 427 1442 haud
450 1411 661 1442 incommode
684 1411 726 1441 de
744 1411 834 1442 vitiis
858 1411 892 1442 in

189 1461 288 1502 hujus
314 1460 486 1501 Principis
503 1461 580 1492 aula
600 1461 818 1501 regnantibus
844 1461 892 1492 in—

190 1512 374 1543 tellexeris.
408 1539 414 1544 .

233 1562 477 1605 Stymphalides]
498 1563 576 1595 Fuit
596 1562 814 1604 Stymphalos
833 1571 893 1594 seu

190 1612 399 1653 Stymphalis
415 1613 487 1653 agri
502 1612 661 1644 Arcadici
675 1613 765 1644 lacus
781 1617 817 1644 et
832 1611 893 1643 flu-

191 1661 279 1701 vius,
294 1662 351 1694 ubi
367 1672 447 1693 aves
465 1661 604 1694 fuerunt
619 1663 711 1693 mirae
727 1662 893 1703 magnitu-

193 1712 294 1751 dinis,
310 1717 434 1752 rostro,
449 1712 629 1753 unguibus,
641 1718 677 1744 et
692 1713 810 1753 pennis
825 1711 892 1743 fer-

195 1762 436 1801 reis,l1umanis
450 1767 626 1793 vescentes
639 1762 895 1803 carnibus‚quas

195 1811 364 1843 Hercules
379 1811 507 1843 occidit
524 1812 661 1852 partim,
678 1812 802 1853 partim
818 1811 895 1843 aeris

197 1862 322 1892 tinnitu
335 1861 477 1901 fugavit.

239 1914 301 1942 188
317 1911 539 1952 Parthenium]
556 1911 657 1944 Quod
674 1911 775 1943 etiam
793 1911 897 1943 Arca-

195 1960 260 1994 diae
288 1967 351 2002 est,
384 1963 417 1992 in
445 1972 511 2004 quo
543 1962 676 1993 eximiae
704 1963 897 1994 velocitatis

196 2021 331 2044 cervam
345 2013 467 2043 Dianae
480 2022 622 2052 sacram,
635 2012 776 2053 pedibus
788 2012 897 2044 aereis,

194 2062 306 2094 aureis
343 2062 511 2101 cornibus,
554 2062 720 2093 Hercules
760 2061 897 2093 tandem

194 2112 360 2145 currendo
376 2118 425 2144 ert
442 2117 628 2144 assecutus.

240 2166 302 2196 189
335 2163 620 2205 Thermodontiaco]
650 2162 692 2194 Id
719 2166 783 2202 est,
808 2161 897 2204 qnod

199 2214 402 2246 Amazonum
418 2218 518 2252 esset,
534 2214 634 2254 juxta
649 2212 899 2244 Thermodonta

197 2264 347 2306 Scythiae
368 2263 505 2295 fluvium
528 2263 764 2294 habitantium.
809 2263 898 2294 Her-

198 2315 308 2351 culem
325 2314 575 2354 enimjusserat
593 2313 798 2354 Eurystheus
814 2313 899 2353 Hip-

197 2365 336 2407 polytae‚
348 2364 555 2396 Amazonum
572 2363 711 2402 reginae,
726 2362 899 2394 baltheum

200 2416 243 2447 ad
259 2426 296 2447 se
320 2414 479 2453 afferret3
504 2413 721 2455 quamobrem
746 2412 819 2444 illas
842 2412 899 2444 de-

201 2465 351 2497 bellavit.

244 2518 306 2548 190
331 2514 442 2555 Poma]
465 2512 706 2554 Hesperidum,
722 2521 798 2553 qua».
815 2512 901 2543 Hes-

202 2566 288 2606 peri,
313 2565 462 2597 Atlantis
489 2564 617 2602 fratris,
632 2563 787 2602 tiliarum,
810 2563 901 2595 dicta

204 2619 294 2654 siunt,
305 2624 324 2645 a
339 2615 485 2646 dracone
498 2614 653 2655 pervigili
667 2619 817 2651 servata;
835 2624 901 2655 quo

203 2665 316 2696 occiso
333 2665 374 2695 ab
402 2665 551 2695 Hercule
578 2670 675 2705 rapta
702 2670 790 2705 sunt,
805 2666 900 2697 etad

202 2716 429 2758 Eurystheum
465 2715 591 2746 delata.
652 2715 750 2749 ilaue
786 2721 899 2748 autem

290 2769 410 2810 Delph.
425 2771 455 2800 et
477 2768 550 2801 γαν.
563 2770 648 2801 Cau.

881 2769 974 2801 Oria.

947 1312 1094 1343 fabulam
1111 1313 1158 1343 ita
1171 1312 1279 1344 Varro
1295 1313 1448 1353 exponit,
1461 1318 1509 1353 nt,
1521 1314 1548 1346 si
1564 1323 1648 1346 vera

947 1367 1000 1392 est
1014 1362 1089 1401 ejus
1105 1362 1302 1402 explicatio,
1324 1363 1431 1394 multo
1454 1363 1647 1396 callidiores

948 1421 1047 1452 quam
1065 1420 1183 1442 revera
1195 1409 1325 1443 fuerint
1338 1413 1470 1454 antiqui
1485 1414 1519 1445 in
1534 1416 1649 1447 multis

949 1459 1085 1492 efficere
1111 1461 1297 1493 videamur.
1350 1463 1403 1493 Ex
1429 1464 1519 1495 vocis
1545 1465 1650 1496 ambi-

948 1512 1079 1552 guitate
1102 1516 1217 1542 natam
1242 1512 1354 1544 credit
1370 1511 1536 1554 fabulam
1559 1525 1653 1547 curn-

947 1571 1013 1603 que
1043 1570 1109 1591 uno
1136 1566 1172 1593 et
1197 1562 1316 1593 eodem
1346 1563 1480 1595 nomine
1509 1574 1590 1596 oves
1615 1571 1652 1597 et

947 1621 1048 1653 poma
1059 1612 1174 1644 Graeci
1188 1614 1276 1651 μῆλα
1289 1613 1452 1653 vocitent,
1464 1624 1527 1656 pro
1543 1617 1652 1657 pomis

946 1662 1004 1693 ille
1029 1671 1108 1693 oves
1134 1662 1307 1704 intelligit,
1323 1673 1406 1705 quas
1427 1664 1461 1695 in
1479 1664 1650 1696 Graeciam

950 1711 1119 1743 Hercules
1142 1713 1386 1752 exportaverit.
1432 1714 1502 1745 Per
1520 1714 1651 1745 Draco—

949 1770 1026 1792 nem
1053 1770 1148 1800 vero,
1173 1761 1227 1793 vel
1255 1761 1432 1793 Pastorem
1470 1772 1490 1793 a
1519 1763 1653 1794 saevitia

950 1811 1236 1851 cognominatum,
1261 1811 1315 1843 vel
1340 1811 1441 1843 maris
1464 1810 1652 1844 flexuosum

951 1860 1059 1892 sinum
1077 1860 1307 1902 Hesperidum
1319 1861 1435 1893 hortos
1447 1862 1654 1902 cingentem,

952 1908 1069 1951 procul
1096 1911 1280 1942 visentibus
1306 1911 1474 1952 serpentis
1501 1913 1652 1953 speciem

952 1960 1181 2000 exhibentem,
1194 1961 1448 1993 intellexerunt.

996 2013 1055 2041 191
1071 2011 1309 2052 Centaurijoui
1323 2011 1510 2042 Thessaliae
1521 2010 1653 2052 populi,

952 2061 1121 2091 anteriore
1142 2066 1239 2102 parte
1257 2061 1333 2100 viri,
1355 2061 1545 2101 posteriore
1561 2061 1654 2102 equi,

951 2111 1028 2143 ideo
1038 2111 1266 2153 crediti,quod
1281 2112 1377 2152 primi
1389 2121 1492 2153 equos
1504 2110 1655 2152 domare,

952 2170 994 2192 ex
1010 2161 1076 2192 illis
1092 2171 1244 2202 pugnare
1259 2162 1438 2201 coeperint.
1471 2161 1553 2193 Illos
1567 2161 1657 2192 Her-

952 2211 1057 2251 cules,
1072 2221 1146 2242 cum
1165 2211 1198 2242 in
1213 2211 1310 2243 Pboli
1326 2211 1490 2243 Centauri
1505 2210 1656 2250 domum,

953 2272 973 2293 a
989 2272 1053 2304 quo
1079 2262 1227 2303 hospitio
1254 2266 1417 2302 exceptus
1438 2259 1563 2302 fuerat,
1586 2261 1657 2292 vini

953 2313 1058 2345 odore
1079 2313 1184 2344 illecti
1207 2313 1370 2354 impetum
1390 2310 1566 2351 fecissent,
1588 2320 1655 2342 non

952 2363 1053 2395 modo
1070 2362 1277 2404 profligavit,
1299 2362 1359 2393 sed
1389 2362 1524 2403 insuper
1539 2370 1656 2393 eorum

953 2414 1078 2445 multos
1094 2413 1186 2444 solus
1202 2412 1377 2443 mactavit.

999 2466 1059 2494 192
1097 2462 1197 2504 Aper]
1235 2464 1345 2496 Quem
1377 2462 1410 2492 in
1448 2459 1656 2502 Erymantho

954 2516 1112 2548 Arcadiae
1142 2519 1255 2546 monte
1287 2515 1462 2553 latentem,
1487 2511 1657 2551 magnitu-

954 2567 1033 2597 dine
1049 2571 1084 2597 et
1100 2565 1239 2597 feritate
1264 2564 1462 2601 terribilem,
1491 2561 1657 2592 Hercules

956 2616 1104 2647 vinctum
1121 2615 1162 2647 ad
1180 2615 1406 2656 Eurystheum
1423 2611 1578 2643 deduxit.

998 2666 1135 2708 Hydroe]
1159 2667 1214 2697 De
1231 2675 1271 2696 ea
1285 2673 1386 2704 supra
1403 2672 1451 2693 vs.
1467 2664 1521 2693 71.

1496 2763 1570 2794 ΔΚ
