1831 3023
371 591 444 645 P.
496 586 869 647 OVIDII
937 581 1421 645 NASONIS

273 807 1525 888 METAMORPHOSEON
1561 857 1566 862 ,

706 1044 967 1093 LIBER
1021 1044 1096 1091 X.

186 1463 304 1504 FAB.
336 1461 372 1504 Ι.
444 1460 701 1514 Anonymus
733 1458 928 1512 quidam,
960 1456 1060 1497 item
1096 1455 1260 1499 Olenus
1297 1459 1339 1497 et
1373 1455 1557 1497 Lethaea
1591 1455 1634 1495 iu

807 1523 1017 1577 Lapides.

187 1628 376 1665 ORPHEth,
392 1624 564 1665 Eurydice
588 1623 784 1662 interemta,
800 1621 843 1652 ad
865 1620 1001 1652 Inferos
1027 1621 1218 1661 descendit,
1242 1625 1278 1652 et
1293 1631 1313 1652 a
1328 1622 1412 1653 Dite
1428 1621 1641 1662 impetravit,

229 1684 267 1709 ut
284 1688 357 1709 eam
381 1677 562 1708 reduceret
579 1675 621 1707 ad
637 1684 776 1715 superos
791 1685 800 1713 3
821 1675 899 1715 lege
920 1674 1110 1714 proposita,
1132 1674 1161 1704 si
1177 1677 1375 1714 sequentem
1391 1683 1458 1705 uon
1475 1674 1645 1714 respexis-

229 1735 302 1762 set:
328 1730 417 1772 quod
433 1730 490 1760 ille
505 1732 672 1769 praestare
698 1737 765 1758 non
789 1727 915 1768 potuit.
961 1727 1140 1758 Revocata
1155 1735 1236 1767 ergo
1253 1726 1295 1758 ad
1318 1726 1467 1767 Inferos,
1484 1726 1643 1767 Orpheus

229 1788 269 1815 ut
282 1784 393 1815 lucem
406 1783 562 1824 contigit,
579 1782 626 1814 sic
643 1781 816 1813 dementia
832 1781 1002 1822 stupuisse
1018 1780 1157 1821 dicitur,
1179 1783 1218 1812 ut
1242 1780 1300 1822 qui
1319 1789 1440 1812 canem
1455 1779 1644 1812 Cerberum

231 1837 350 1868 videns
368 1846 438 1877 prae
456 1837 590 1875 timore,
603 1835 638 1866 in
650 1844 767 1866 saxum
782 1843 898 1865 versus
915 1838 983 1865 est:
1007 1833 1090 1864 item
1114 1836 1152 1864 ut
1169 1833 1296 1865 Olenus
1312 1837 1348 1866 et
1365 1833 1519 1873 Lethaea,
1536 1832 1594 1875 qui
1609 1833 1644 1864 in

233 1889 298 1922 Ida
313 1894 428 1921 monte
445 1889 479 1920 in
494 1889 643 1930 lapidem
660 1887 894 1929 transfigurati
911 1890 999 1919 sunt.
1042 1887 1170 1918 Postea
1185 1886 1302 1918 dolore
1323 1891 1358 1918 et
1379 1886 1463 1918 fletu
1479 1886 1587 1928 finito,
1601 1895 1644 1918 ne

234 1952 347 1975 rursus
362 1943 542 1984 conjugale
561 1942 766 1974 desiderium
783 1941 1010 1982 experiretur,
1025 1941 1193 1982 puerilem
1207 1941 1375 1973 Venerem
1391 1939 1553 1972 instituit.

196 2019 336 2074 INDE
359 2048 435 2087 per
453 2034 710 2074 immensum
732 2046 888 2074 croceo
907 2033 1077 2075 velatus
1097 2032 1262 2073 amictu

194 2099 315 2141 Aera
334 2101 588 2152 digreditur,
613 2101 913 2153 Ciconumque
932 2100 1205 2153 Hymenaeus
1227 2098 1284 2139 ad
1305 2111 1405 2139 oras

195 2166 380 2218 Tendit3
412 2170 455 2207 et
476 2166 654 2219 Orphea
673 2168 972 2219 nequicquam
991 2178 1100 2207 voce
1121 2168 1308 2217 rogatur.

239 2283 265 2305 1.
288 2273 477 2314 Hymenoeus
491 2276 587 2303 tectus
603 2276 683 2303 veste
700 2272 789 2312 flava
815 2271 886 2302 inde
911 2272 976 2302 abit
1000 2282 1057 2312 per
1079 2275 1199 2302 vastum
1214 2271 1328 2310 aiii-em,
1342 2274 1372 2302 et
1395 2270 1475 2311 petit
1491 2270 1648 2311 regionem

201 2317 347 2348 Ciconum
358 2327 368 2347 .·
391 2320 482 2356 atque
489 2315 613 2353 frustra
629 2315 744 2345 citatur
759 2324 828 2345 voce
845 2314 973 2354 Orphei.
1019 2314 1077 2345 Ille
1091 2315 1211 2354 quidem
1225 2313 1318 2354 affuit
1330 2324 1341 2350 ;
1364 2317 1412 2344 ast
1429 2324 1523 2354 ‘neque
1538 2312 1648 2344 attulit

811 2388 888 2398 mv·

1023 2388 1041 2398 ,-

245 2435 266 2463 2
288 2430 358 2463 Alii
380 2432 513 2464 AEthera
536 2432 683 2470 dign—3
709 2430 984 2470 Rogaturssurm.
1009 2429 1104 2462 dedit
1130 2440 1172 2462 ex
1198 2431 1293 2463 Med.
1321 2434 1356 2463 et
1374 2431 1531 2463 undecim
1556 2428 1651 2468 aliis;

859 2517 889 2547 N
896 2517 996 2548 OTAE

247 2583 264 2611 1
292 2579 419 2619 Croceo]
463 2579 528 2611 Qui
557 2578 712 2610 flammeo
743 2581 901 2611 concolor
955 2591 1020 2612 non
1055 2581 1204 2621 licebat3
1234 2592 1299 2623 quo
1333 2581 1468 2622 quidem
1496 2579 1651 2612 flammeo

205 2640 265 2662 seu
300 2631 387 2669 velo,
424 2629 506 2659 lutei
545 2630 679 2668 coloris,
716 2630 902 2670 cujusmodi
956 2631 1091 2671 pudoris
1107 2637 1143 2663 et
1158 2631 1238 2664 boni
1262 2631 1382 2663 ominis
1405 2640 1507 2662 causa
1525 2629 1655 2664 nubens

207 2681 338 2712 assidue
376 2680 542 2721 gerebant
571 2679 741 2712 flaminum
770 2691 903 2721 uxores,
956 2682 1145 2713 velabatur.

207 2734 282 2763 eum
299 2730 418 2774 quibua
433 2730 616 2765 divortium
632 2730 745 2763 facere
773 2731 902 2763 maritis
999 2735 1019 2763 2
1045 2731 1208 2773 Ciconum]
1243 2731 1368 2774 Populi
1393 2730 1531 2764 fuerunt
1555 2730 1653 2762 Thra-
