1831 3023
203 245 317 288 1126
699 257 739 288 P.
772 257 935 288 ovrmr
970 256 1187 288 NAsoms

205 351 383 394 Occidit
403 357 448 395 et
467 352 672 395 Celadon
696 352 990 394 Mendesius:
1022 352 1188 393 occidit
1203 350 1407 401 Astreus,

204 420 349 462 Matre
371 421 629 471 Palaestina‚
653 420 790 461 dubio
813 421 1006 473 genitore
1027 424 1214 460 creatus

203 487 480 542 sEthionque
503 502 643 542 sagax
668 487 890 542 quondam
915 492 1098 527 ventura
1116 487 1291 537 videre3

205 554 339 598 Nunc
361 570 442 597 ave
464 557 675 609 deceptus
696 555 833 596 salsa:
865 555 1067 606 regisque
1087 554 1312 594 Thoactes

204 623 424 677 Armiger,
446 629 490 664 et
514 637 635 665 caeso
655 624 852 676 genitore
872 621 1052 663 infamis
1074 621 1278 676 Agyrtes,

205 692 315 733 Plus
338 697 482 733 tamen
504 691 725 732 exhausto
749 695 949 745 superest
969 703 978 730 ε
1011 701 1202 743 namque
1225 688 1433 728 omnibus
1454 699 1589 728 unum

204 759 467 815 opprimere
486 763 553 800 est
576 761 762 800 animus.
826 757 1071 811 Conjurata
1089 756 1282 809 undique
1304 759 1501 808 pugnant
1589 754 1675 797 150

204 829 397 883 Agmina
418 842 501 883 pro
525 842 676 879 causa,
701 829 906 870 meritum
929 829 1211 881 impugnante
1234 825 1471 879 fidemque.

205 897 309 938 Hac
331 910 411 951 pro
432 902 559 951 parte
582 910 709 938 socer
727 896 885 937 frustra
907 896 1028 949 pius,
1051 900 1095 935 et
1116 907 1234 935 nova
1256 893 1445 947 conjux,

204 964 316 1006 Cum
339 965 564 1018 genitrice,
585 965 752 1015 favent,
773 965 1032 1018 ululatuque
1053 964 1164 1004 atria
1186 963 1428 1016 complent.

203 1033 291 1073 Sed
313 1046 446 1074 sonus
469 1046 687 1074 armorum
708 1039 905 1087 superat,
930 1031 1488 1086 gemitusque'cadentum:

204 1099 499 1153 Pollutosque
524 1102 659 1141 semel
680 1102 819 1142 multo
842 1102 1027 1142 Bellona
1048 1100 1240 1140 Penates

203 1169 426 1220 Sanguine
449 1167 695 1220 perfundit3
727 1175 1022 1220 renovataque
1044 1168 1198 1219 praelia
1220 1168 1391 1208 miscet.

203 1234 447 1276 Circueunt
468 1248 604 1275 unum
627 1234 837 1284 Phineus,
867 1239 910 1276 et
930 1233 1050 1274 inille
1073 1235 1216 1274 secuti

203 1302 386 1342 Phinea.
444 1302 559 1343 Tela
579 1302 733 1343 volant.
753 1302 948 1355 hyberna
970 1300 1177 1353 grandine.
1200 1301 1330 1354 plura

1548 1158 1550 1161 .
1594 1096 1680 1139 155

202 1471 258 1499 que
285 1460 386 1501 Clytii
399 1472 410 1498 ;
436 1460 545 1491 Clanis
561 1460 678 1500 recepit
695 1460 816 1491 hostum
830 1470 891 1490 ore.
940 1458 1076 1490 (dadon
1102 1459 1281 1490 Mendesius
1300 1460 1394 1490 etiam
1409 1460 1594 1501 procubuit:
1616 1462 1679 1493 As·

202 1508 288 1534 treus
309 1509 408 1534 natus
435 1508 534 1535 matre
551 1504 737 1541 I’oloestinu,
763 1507 852 1533 ortus
866 1506 956 1544 putre
979 1504 1108 1539 incerto,
1123 1502 1308 1541 procubuit.-
1333 1504 1463 1535 AEtluon
1479 1505 1588 1544 etium,
1604 1505 1679 1536 olim

201 1547 333 1577 callidus
348 1556 525 1586 cognoscere
536 1546 664 1585 sutura,
680 1557 759 1577 nunc
773 1547 896 1577 delusus
911 1556 966 1576 ure
982 1545 1122 1576 nunciavi
1136 1557 1146 1581 ;
1170 1550 1200 1576 et
1221 1546 1368 1577 Thoactes
1381 1548 1520 1586 armiger
1533 1549 1630 1587 regis,
1645 1551 1678 1579 et

200 1591 344 1630 Agyrtes
351 1589 493 1628 fumosus
506 1594 596 1630 putre
613 1589 790 1627 interfecto.
834 1588 1008 1629 Supersunt
1037 1592 1138 1618 tamen
1155 1589 1259 1628 plures
1275 1600 1365 1629 quam
1380 1591 1506 1621 sustulit
1518 1602 1528 1621 :
1549 1601 1679 1631 numque

201 1632 363 1663 consilium
393 1637 438 1663 est
460 1633 595 1663 omnium
621 1634 727 1663 tollere
751 1643 866 1662 unum.-
891 1632 980 1662 turbo
1011 1632 1170 1669 conjurata
1198 1636 1319 1663 certant
1348 1633 1482 1673 undique.
1500 1643 1559 1674 pro
1585 1643 1679 1665 causa

201 1675 329 1706 loedente
346 1676 488 1706 meritum
505 1676 652 1716 etfidem.
686 1676 782 1706 Socer
799 1675 997 1715 nequicquam
1010 1674 1094 1714 pum,
1110 1677 1141 1705 et
1156 1684 1259 1706 recens
1274 1679 1371 1715 nupta
1385 1686 1452 1706 cum
1463 1681 1574 1714 matre,
1590 1680 1677 1707 stant

202 1718 240 1748 ub
255 1718 313 1749 hoc
325 1722 428 1758 parte,
451 1722 481 1749 et
510 1720 638 1758 implent
664 1719 750 1748 aulus
774 1719 967 1749 clamoribus.
1019 1718 1132 1748 Verum
1147 1718 1298 1757 strepitus
1313 1729 1470 1749 ‹rr-tuorum
1497 1723 1527 1750 et
1541 1719 1679 1758 gemitus

201 1761 399 1792 morientium
427 1762 544 1792 vincit.-
566 1765 596 1791 et
623 1761 755 1792 Bellona
786 1761 897 1791 imbuit
926 1761 1020 1791 multo
1043 1769 1150 1790 cruore
1174 1761 1296 1791 domum
1333 1763 1424 1792 semel
1449 1762 1622 1800 infectam,·
1645 1765 1678 1794 et

201 1807 295 1843 auget
309 1804 480 1835 certamina
494 1807 652 1835 renovata.
699 1804 839 1835 Phineus
861 1807 952 1843 atque
977 1803 1062 1834 mille
1089 1806 1187 1833 secuti
1215 1804 1371 1835 Phineum
1395 1805 1541 1836 claudunt
1557 1814 1677 1837 unum:

816 1909 1054 1921 eeeeeeeeeeee

200 1989 261 2018 144
285 1987 353 2018 Alii
371 1988 436 2019 Cel.
451 1988 637 2024 numesius,
652 1989 706 2019 vel
722 1989 1022 2030 alyrumnas—145
1041 1986 1201 2018 Heidelb.
1216 1986 1287 2017 dub.
1303 1996 1418 2027 quoque
1428 1991 1521 2027 patre
1534 1991 1677 2020 creat.—

199 2032 261 2061 146
279 2030 347 2061 Alii
365 2031 552 2071 Ethionque,
577 2031 628 2062 vel
649 2031 903 2071 Echionq.—l-17
920 2030 1041 2060 Heius.
1062 2030 1152 2060 Nunc
1169 2039 1230 2070 pro
1247 2030 1336 2069 vulg.
1365 2029 1450 2060 Tunc
1470 2040 1512 2060 ex
1529 2031 1676 2062 meliori·

199 2072 271 2103 bus.
289 2073 436 2106 Quidam
452 2075 566 2114 regi-sq.
585 2074 745 2113 Themeres,
761 2074 813 2104 vel
832 2074 992 2104 Clioristes
1006 2082 1015 2108 ;
1030 2073 1182 2103 Berolin.
1200 2072 1476 2111 Thoaptus.—l50
1488 2072 1556 2104 Pro
1572 2074 1676 2112 conjit-

198 2118 269 2146 rato
286 2115 409 2147 Heins.
435 2117 533 2147 malit
550 2117 735 2157 jurataque.
766 2117 898 2147 Certant
915 2120 968 2146 est
985 2125 1026 2145 ex
1040 2115 1135 2146 Med.
1157 2115 1200 2146 N.
1219 2121 1254 2145 et
1272 2115 1393 2146 Urbin.
1412 2116 1502 2156 vulg.
1522 2120 1676 2156 pugnant.

198 2162 304 2190 —155
330 2158 450 2190 Heius.
478 2159 611 2191 emend.
647 2160 762 2195 seme15
800 2159 892 2200 vulg.
914 2158 1127 2190 aimuh-156
1162 2157 1325 2189 Heidelb.
1352 2157 1451 2198 Sang.
1478 2158 1675 2200 perfudit.—

864 2254 1010 2314 150TAE

245 2344 306 2373 14⁴
330 2343 527 2384 Mendesius]
562 2343 645 2375 Fuit
667 2342 813 2374 Mendes
828 2325 909 2373 urbs
964 2339 1123 2381 pestem!

200 2391 357 2434 AEgypti,
369 2392 427 2423 ubi
443 2393 538 2424 Pana
547 2398 582 2425 et
592 2393 704 2425 hircos
717 2393 910 2431 coluerunt,

199 2441 243 2474 de
273 2453 340 2484 qua
371 2444 520 2482 Plinius;
560 2444 651 2475 unde
680 2445 735 2476 hic
758 2444 911 2476 Celadon

202 2502 328 2524 nomen
343 2493 480 2524 videtur
495 2495 665 2525 habuisse.

246 2547 306 2576 145
341 2545 532 2587 Palaeseinu]
573 2546 773 2586 Palaesfflra,
801 2546 909 2586 Syriae

200 2594 352 2636 regione,
365 2596 521 2627 oriunda.

245 2645 353 2677 Dubio
362 2646 521 2687 genitore]
546 2647 713 2687 Adeoque
729 2648 875 2687 spurius.

247 2698 309 2726 147
332 2697 504 2737 Deceptus]
545 2697 632 2729 Quia
650 2697 778 2727 instans
800 2696 908 2727 fatum

195 2755 270 2776 non
281 2746 488 2786 praeviderat
499 2746 562 2777 hoc
573 2746 672 2778 dixit.
717 2746 799 2777 Pari
809 2746 910 2777 modo

199 2795 323 2835 virgil.
358 2795 402 2827 de
430 2797 621 2828 Rhamnete
650 2808 739 2829 caeso
770 2807 911 2838 augure,

198 2847 208 2864 ‘
233 2846 302 2878 Sed
327 2856 396 2878 non
422 2848 564 2889 augurio
592 2848 708 2890 potuit
733 2848 908 2890 depellere

1008 2394 1071 2423 149
1084 2392 1178 2433 Plus]
1203 2391 1375 2431 nonium,
1387 2393 1532 2432 scilicet,
1543 2394 1674 2427 Perseo

965 2441 1295 2482 interficiendorum,
1306 2452 1404 2483 quam
1421 2443 1533 2476 adhuc
1550 2450 1676 2478 macta-

967 2494 1081 2524 visset.

1007 2547 1066 2575 151
1094 2543 1261 2584 Meritum]
1279 2543 1413 2583 Persei,
1426 2544 1595 2586 intellige,
1614 2546 1673 2587 qui

964 2594 1207 2626 Andromedan
1253 2594 1476 2634 liberaverat,
1517 2596 1674 2639 regisque

963 2645 1066 2677 fidem
1084 2650 1278 2686 acceperat.

1008 2699 1070 2728 152
1094 2696 1182 2736 Hac]
1210 2695 1342 2735 Persei,
1355 2696 1500 2735 scilicet,
1521 2697 1577 2728 cui
1593 2706 1672 2738 per-

963 2757 1061 2780 verse
1077 2747 1172 2778 litem
1188 2751 1343 2777 moverat
1360 2747 1522 2779 Phineus.

1007 2801 1069 2830 155
1092 2796 1240 2838 Bellona]
1270 2797 1359 2828 Belli
1375 2798 1465 2830 Dea.
