1831 3023
222 237 335 280 1250

707 249 749 278 P.
783 248 941 278 OV1D11
976 248 1190 282 NASONIS

222 343 464 398 Cercyonis
486 344 619 385 letum
639 343 747 385 vidit
768 343 961 384 Cerealis
985 344 1179 385 Eleusin.

222 411 398 453 Occidit
415 412 486 452 ille
507 411 643 460 Sinis,
661 411 829 463 magnis
849 411 963 451 male
985 412 1150 452 viribus
1171 424 1279 453 usus
1297 425 1308 464 3

1584 413 1671 455 440

222 479 311 530 Qui
331 485 503 533 poterat
525 492 705 519 curvare
726 479 893 528 trabes;
924 483 965 518 et
986 480 1141 530 agebat
1160 481 1216 521 ab
1241 480 1328 521 alto

219 545 291 587 Ad
310 551 460 588 terram
484 549 571 586 late
591 557 821 598 sparsuras
844 557 1032 596 corpora
1055 546 1200 598 pinus.

218 614 363 655 Tutus
383 614 435 653 ad
460 611 719 660 Alcathoen,
741 611 943 663 Lelegeia
960 612 1141 662 moenia,
1162 613 1288 654 limes

219 680 476 733 Composito
495 680 671 719 Scirone
692 681 836 730 patet:
868 679 1100 732 sparsique
1120 680 1300 721 latronis

217 747 353 787 Terra
373 751 501 798 negat
520 746 685 794 sedem,
710 744 860 785 sedem
879 749 1008 798 negat
1027 746 1203 787 ossibus
1223 747 1358 789 unda:

1589 747 1675 789 445

219 812 334 863 Quae
350 813 522 866 jactata
544 812 617 852 diu
638 811 769 852 fertur
788 811 970 854 durasse
990 815 1186 854 vetustas

216 880 270 921 In
290 881 514 933 scopulos.

574 878 779 931 Scopulis
798 892 954 920 nomen
976 879 1175 920 Scironis
1197 879 1394 921 inhaeret.

217 947 266 987 Si
288 948 438 988 titulos
462 959 689 1000 annosque
708 950 805 988 tuos
826 960 1051 988 numerare
1074 947 1256 988 velimus
1276 961 1288 999 3

218 1013 353 1054 Facta
374 1016 569 1066 premant
591 1026 745 1054 annos.

806 1014 895 1055 Pro
916 1017 975 1064 te,
996 1014 1246 1064 fortissime,
1269 1019 1377 1056 vota

217 1080 403 1121 Publica
423 1081 690 1134 suscipimus
707 1095 716 1122 ε
748 1081 913 1123 Bacchi
934 1082 1013 1123 tibi
1034 1082 1248 1123 sumimus
1267 1082 1469 1124 haustus.

1585 1083 1671 1125 450

215 1211 403 1242 Procrusten
424 1216 613 1252 peremtum
632 1223 640 1243 z
664 1213 786 1243 Eleusis
804 1213 940 1244 Cerealis
955 1213 1035 1244 vidit
1058 1215 1185 1243 mortem
1204 1212 1382 1252 Cercyonis.
1429 1212 1488 1243 Ille
1514 1212 1601 1244 Sinis
1622 1213 1672 1245 in-

213 1254 314 1292 teriit,
337 1264 480 1293 perverse
507 1265 580 1286 usus
608 1255 786 1294 ingentibus
818 1256 960 1293 viribus,·
993 1255 1045 1296 qui
1069 1258 1191 1295 poterat
1218 1255 1350 1296 flectere
1380 1253 1495 1286 firmas
1522 1255 1672 1293 arbores;

212 1300 241 1325 et
259 1296 382 1335 cogebat
409 1308 428 1328 a
446 1296 582 1336 fastigio
598 1300 637 1328 ad
660 1301 776 1329 terram
795 1299 888 1338 pinus
911 1300 973 1330 late
986 1299 1169 1338 disiecturus
1183 1308 1310 1338 corpora
1325 1297 1505 1329 hominum.
1550 1298 1669 1330 Iteracl

212 1339 385 1370 Alcathoen
400 1344 436 1370 et
450 1350 552 1370 muros
571 1341 729 1379 Lelegeios
749 1346 794 1371 est
816 1351 954 1372 securum
976 1344 1007 1372 et
1021 1344 1162 1382 apertum
1179 1341 1308 1372 Scirone
1323 1340 1421 1371 occiso
1433 1352 1443 1372 .·
1465 1344 1495 1372 et
1515 1341 1610 1372 Terra
1640 1344 1671 1373 et

215 1383 303 1421 siqua
329 1385 451 1413 recusat
480 1384 576 1413 locum
600 1383 716 1414 ossibus
738 1383 862 1422 disjecti
888 1385 1030 1424 latronis,
1051 1394 1116 1424 quoe
1132 1384 1186 1414 din
1200 1383 1325 1422 agitata
1340 1387 1459 1422 tempus
1474 1384 1591 1414 dicitur
1606 1394 1671 1415 mu-

212 1426 293 1454 tasse
306 1425 339 1454 in
355 1425 485 1455 Petras:
508 1429 542 1455 et
558 1435 666 1455 nomen
682 1425 821 1456 Scironis
833 1426 896 1456 illis
910 1429 1024 1457 manet.
1071 1426 1109 1457 Si
1131 1427 1259 1456 velimus
1272 1435 1426 1456 recensere
1438 1426 1542 1457 laudes
1556 1429 1626 1457 tuas
1641 1429 1671 1457 et

213 1476 306 1505 annos
320 1470 398 1505 tuos,
414 1467 580 1507 praeclara
595 1470 685 1506 gesta
700 1471 842 1507 superent
858 1478 963 1500 annos.
1011 1468 1212 1508 Concepimus
1226 1472 1297 1499 vota
1311 1468 1432 1507 publica
1444 1478 1501 1508 pro
1525 1471 1567 1507 te,
1582 1478 1599 1498 o
1625 1469 1672 1499 in-

212 1509 290 1539 rictc
303 1520 311 1539 .·
336 1510 368 1539 in
383 1510 430 1540 tui
450 1510 591 1548 gratiam
607 1511 799 1549 indulgemus
814 1511 948 1542 Baccho.
995 1511 1098 1549 Regia
1112 1510 1230 1541 domus
1243 1514 1388 1550 personat
1399 1511 1671 1542 acclamationibus

823 1605 1055 1615 “tettae—ete&

212 1671 276 1698 439
300 1669 430 1699 Eleusin
446 1667 542 1699 dedit
566 1668 684 1699 Heius.
700 1678 741 1699 ex
768 1669 918 1708 plurimis
945 1669 1053 1700 Codd.
1070 1670 1161 1710 vulg.
1186 1670 1428 1701 Eleusis—440
1453 1669 1601 1702 Quidam
1618 1670 1671 1701 ille

211 1720 327 1747 senex,·
358 1711 490 1741 Vivian.
509 1710 625 1747 ferox:
658 1712 740 1741 senis
756 1716 808 1742 est
835 1711 868 1741 in
891 1711 1181 1743 nonnullis—442
1206 1712 1368 1743 Nonnulli
1383 1712 1439 1742 lat.
1454 1721 1672 1751 sparsurus——

209 1755 271 1782 443
294 1753 426 1783 Schott.
446 1752 531 1783 Obs.
550 1762 589 1782 11.
616 1756 649 1783 8.
677 1754 762 1793 legit
786 1753 942 1791 Alcathoi,
969 1753 1059 1794 quod
1088 1754 1204 1784 Burm.
1231 1763 1298 1785 non
1327 1753 1605 1793 displicet.—444
1628 1754 1671 1786 R.

211 1795 361 1834 Deposito
386 1794 466 1825 Scir.
512 1795 608 1826 Idem
636 1805 713 1826 cum
738 1796 810 1826 aliis
837 1796 1128 1837 sparsisque—448
1152 1796 1255 1827 Multi
1283 1795 1389 1827 Codd.
1410 1797 1595 1837 animosque.
1610 1796 1672 1828 Pr.

210 1837 306 1868 Med.
335 1847 407 1868 ann.
433 1847 513 1869 suos.
547 1838 622 1868 Duo
649 1848 819 1869 memorare
844 1840 1011 1870 vel.-449
1034 1838 1156 1869 Heins.
1180 1842 1342 1879 premant,·
1366 1839 1423 1869 alii
1442 1842 1600 1879 premunt,
1616 1839 1670 1871 vel

207 1883 359 1919 prement.
375 1880 458 1912 Mss.
475 1881 605 1912 Bersm.
619 1884 660 1921 te,
668 1880 844 1920 justissime
855 1892 866 1918 ,·
888 1882 1014 1913 Thuan.
1033 1881 1224 1913 Fidissime:
1247 1882 1333 1913 Sixii
1349 1881 1522 1913 certissima
1543 1885 1669 1914 vota.—

868 1977 1008 2008 NOTAE

250 2052 314 2081 439
354 2051 535 2092 Cercyonis]
588 2051 655 2084 Qui
693 2052 837 2083 viatores
875 2053 910 2083 iu

209 2100 370 2139 palaestra
401 2101 520 2140 victos,
549 2106 608 2132 aut
642 2102 746 2132 etiam
777 2105 910 2132 certare

210 2153 421 2189 recusantes,
437 2149 678 2181 interficiebat.

254 2199 407 2238 Cerealis]
436 2199 525 2231 Quia
547 2200 580 2229 in
603 2200 661 2230 illo
685 2199 813 2231 Atticae
836 2199 909 2230 vico

207 2250 335 2290 majora
351 2249 485 2280 Cereris
506 2250 664 2290 mysteria
688 2250 908 2281 celebraban-

209 2306 274 2331 tur.

249 2361 313 2390 440
337 2358 439 2398 Sinis]
466 2358 568 2389 Latro
584 2356 648 2389 fuit
663 2357 828 2388 Isthmum
851 2358 906 2388 ob-

207 2408 333 2447 sidens,
345 2409 401 2449 qui
415 2408 531 2439 obvios
543 2417 691 2449 quosque
704 2407 746 2438 ad
758 2407 906 2438 diversas

205 2459 304 2500 pinus
336 2459 369 2489 vi
393 2458 537 2488 maxima
560 2456 701 2488 inflexas
732 2457 905 2497 alligabat,

206 2508 329 2549 quibus
345 2508 473 2539 emissis
496 2508 609 2538 miseri
626 2507 905 2540 distraherentur.

205 2559 289 2591 Pari
302 2567 380 2589 vero
396 2558 563 2599 supplicio
577 2558 731 2589 a'l'hesco
746 2555 904 2588 affectum

204 2609 308 2640 fuisse
326 2617 401 2639 eum
417 2607 524 2638 refert
540 2608 734 2638 Pausanias.

248 2662 310 2690 443
333 2657 519 2699 Alcathoen]
533 2658 672 2698 Megara
685 2656 904 2696 ‹licit,urbem

205 2711 295 2741 iuter
308 2709 594 2749 Peloponnesum,
605 2708 769 2747 Atticam,
781 2712 816 2738 et
828 2707 905 2738 Βω-

205 2760 322 2799 otiam,
346 2759 387 2790 ab
410 2758 578 2792 Alcathoo
601 2758 740 2800 Pelopis
761 2757 842 2798 filio,
856 2765 906 2788 re-

206 2810 374 2843 stitutam.

1006 2052 1168 2092 Lelegeia]
1195 2051 1226 2083 A
1242 2051 1370 2091 Lelege
1387 2049 1568 2081 aedificata.

1005 2105 1068 2133 444
1092 2102 1266 2142 Composito
1283 2100 1423 2140 Scirone]
1467 2100 1557 2133 Quia
1578 2100 1666 2131 hune

962 2152 1147 2191 Scironem,
1159 2152 1267 2182 inillis
1278 2151 1357 2182 locis
1366 2155 1581 2191 grassantem,
1590 2160 1666 2191 quae

965 2202 1007 2232 ab
1034 2211 1074 2232 eo
1105 2202 1256 2232 Scironia
1280 2211 1360 2231 saxa
1386 2201 1478 2231 dicta
1505 2203 1597 2240 sunt,
1624 2210 1668 2231 ex

963 2251 1081 2282 iisdem
1098 2252 1243 2291 scopulis
1267 2251 1417 2281 Theseus
1435 2251 1467 2280 in
1491 2260 1584 2282 mare
1608 2250 1666 2282 de-

963 2302 1125 2342 turbavit,
1153 2312 1194 2333 ex
1225 2302 1345 2342 quibus
1376 2302 1459 2332 alios
1489 2302 1576 2333 latro
1606 2302 1665 2334 ille

961 2352 1118 2394 pedibus,
1131 2361 1211 2393 quos
1223 2352 1286 2383 sibi
1299 2351 1569 2392 lava1·ijubebat,
1579 2361 1665 2393 prae-

962 2403 1085 2443 cipites
1098 2403 1179 2433 dare
1192 2403 1310 2433 solitus
1327 2401 1450 2434 fuerat.

1002 2458 1063 2486 447
1089 2454 1243 2495 Scopulis]
1272 2454 1467 2486 Scironides
1489 2457 1596 2494 petrae
1616 2452 1665 2484 di-

961 2511 1093 2537 cuntur.

1002 2559 1065 2587 449
1090 2556 1188 2587 Facta
1201 2554 1357 2595 premant]
1403 2554 1444 2585 Id
1466 2557 1530 2595 est,
1547 2553 1664 2585 Annos

960 2616 1098 2637 numero
1117 2605 1210 2637 facta
1226 2605 1447 2646 superabunt.

1008 2657 1101 2697 Vota]
1130 2656 1279 2700 Theseia
1307 2653 1488 2696 significat,
1518 2662 1591 2694 quae
1618 2652 1661 2684 ab

958 2706 1224 2740 Atheniensibus
1233 2707 1266 2739 in
1274 2705 1397 2739 Thesei
1405 2705 1566 2737 honorem
1573 2701 1662 2736 festa

959 2758 1129 2789 instituta.
