1831 3023
175 202 290 244 1352
660 215 702 246 P.
733 214 890 245 ovmn
922 214 1133 245 NAsole

174 308 388 351 Dixerat:
421 314 468 350 at
486 308 709 363 Nymphe,
730 311 814 352 ritu
834 311 1059 352 succincta
1079 310 1252 359 Dianae,

173 377 277 418 Una
295 377 605 427 ministrarum,
625 377 737 418 fusis
757 378 970 430 utrimque
992 377 1184 430 capillis,
1567 376 1623 418 90

173 443 375 494 Incessit,
398 449 622 497 totumque
642 444 742 484 tulit
761 444 989 495 praedivite
1011 458 1143 485 cornu

172 510 454 560 Autumnum,
478 514 520 550 et
538 521 726 557 mensaS,
748 508 897 550 felicia
916 522 1062 562 poma,
1085 511 1314 553 secundas.

175 578 276 619 Lux
297 579 438 618 subit:
472 579 527 625 et,
549 575 691 628 primo
712 575 893 617 feriente
914 579 1146 621 cacumina
1165 579 1284 628 Sole,

176 644 424 685 Discedunt
437 642 641 695 juvenes:
674 655 815 696 neque
835 643 947 683 enim
967 644 1070 685 dum
1085 646 1265 687 flumina
1285 657 1452 699 pacem,

175 710 235 750 Et
254 708 452 762 placidos
473 708 665 749 habeant
683 709 852 761 lapsus,
874 712 1091 763 motaeque
1109 713 1320 762 residant,
1571 709 1628 751 95

177 776 485 830 Opperiuntur‚
506 788 648 829 aquae.
710 776 873 818 Vultus
894 775 1128 819 Achelous
1150 783 1361 832 agrestes,

175 842 234 884 Et
252 844 444 884 lacerum
466 856 598 883 cornu
618 844 776 884 mediis
798 848 933 898 caput
951 845 1123 885 abdidit
1141 847 1287 887 undis.

177 910 313 952 Hunc
333 914 478 952 tamen
498 910 633 951 ablati
654 911 821 952 domuit
835 912 1010 966 jactura
1030 912 1202 952 decoris
1219 926 1230 963 3

178 978 335 1018 Cetera
356 990 510 1031 sospes
531 982 637 1020 erat.
701 978 873 1033 Capitis
894 993 1085 1033 quoque,
1101 979 1254 1020 fronde
1275 980 1457 1034 saligna,

178 1046 268 1085 Aut
288 1059 420 1099 super
439 1046 647 1100 imposita
665 1047 826 1089 celatur
847 1048 1069 1098 arundine,
1093 1047 1314 1089 damnum.
1544 1046 1628 1086 100

178 1185 250 1213 hona
267 1184 468 1214 Abumlantia
481 1187 526 1214 est
543 1184 686 1224 opulenta
700 1193 764 1214 meo
780 1194 885 1215 cornu.
930 1183 1112 1214 Absolverat
1125 1194 1135 1214 .·
1158 1186 1192 1214 at
1209 1182 1354 1223 Nympha
1368 1191 1430 1212 una
1437 1181 1631 1220 famularum

175 1227 315 1257 collectas
330 1226 442 1258 habens
456 1230 553 1257 vestes
578 1236 661 1257 more
687 1227 813 1266 Diam,
829 1236 913 1256 coma
928 1226 1080 1266 utrimque
1095 1235 1214 1266 sparsa,
1229 1226 1324 1264 venit,
1339 1228 1368 1255 et
1382 1224 1519 1264 portavit
1532 1226 1631 1255 totum

176 1270 367 1299 Autumnum
396 1278 490 1299 cornu
519 1269 738 1309 copiosissimo,
763 1272 794 1299 et
819 1279 911 1309 poma
936 1269 1053 1309 optima
1074 1279 1132 1308 pro
1156 1268 1302 1298 bellariis.
1348 1267 1427 1298 Dies
1440 1266 1584 1306 succedit,
1600 1269 1632 1297 et

169 1311 298 1348 jmenes
311 1310 433 1348 abeunt,
452 1311 521 1342 Sole
533 1312 701 1351 primulum
723 1313 898 1342 illustrante
913 1311 1043 1342 vertices
1066 1311 1251 1342 montium:
1276 1319 1370 1350 neque
1385 1319 1454 1340 vero
1469 1311 1633 1349 expectant

177 1355 270 1384 donec
287 1354 439 1384 torrentia
462 1353 621 1384 subsidant
651 1358 682 1384 et
704 1354 824 1394 placide
841 1354 962 1402 fluant,
984 1357 1014 1385 et
1035 1363 1121 1393 aquoe
1136 1353 1254 1393 rapidae
1269 1355 1436 1393 quiescant.
1481 1351 1634 1383 Achelous

177 1395 340 1425 occultavit
353 1406 404 1425 cor
406 1405 444 1425 nu
460 1399 489 1426 et
506 1397 647 1426 mutilum
660 1400 752 1436 caput
764 1397 874 1427 mediis
888 1397 984 1436 aquis.
1028 1396 1176 1427 Attamen
1198 1395 1373 1426 movebatur
1387 1395 1457 1425 solo
1473 1393 1633 1433 dispendio

178 1439 275 1468 laudis
304 1437 442 1473 sublone,
469 1441 571 1468 cetera
598 1442 663 1469 crat
688 1439 866 1469 incolumis.-
901 1439 1013 1469 vitium
1028 1439 1121 1469 etiam
1136 1438 1248 1478 capitis
1262 1436 1479 1477 tegiturfoliis
1490 1435 1631 1475 salig-nis,

179 1484 231 1510 «uit
240 1480 344 1518 iuncis
356 1483 491 1520 superstr
493 1480 564 1511 atis.

789 1563 1023 1575 eeeeeeeeeeee

179 1641 275 1671 Voss
292 1645 327 1671 et
344 1639 398 1670 alii
414 1643 444 1670 et
459 1640 549 1670 odore
574 1642 603 1669 et
627 1639 788 1678 flora—89
811 1640 855 1670 At
882 1641 998 1671 Burm.
1017 1640 1149 1680 recepit
1169 1649 1210 1670 ex
1228 1649 1294 1670 uno
1311 1639 1430 1670 Heins.
1448 1643 1483 1669 et
1499 1637 1632 1669 duobus

180 1683 270 1713 Mor.
296 1683 385 1721 vulg.
402 1684 529 1712 et.——90
552 1681 596 1711 V.
617 1681 685 1717 sus.
711 1692 767 1721 per
779 1683 855 1712 colla
880 1685 1032 1721 cap.——9l
1057 1683 1152 1712 Unus
1178 1682 1268 1712 Mor.
1298 1681 1433 1718 Incedit,
1461 1684 1633 1719 totumq.——

178 1728 217 1754 93
237 1725 314 1754 Bas.
329 1728 363 1754 et
378 1725 553 1763 Langerm.
572 1723 763 1762 Noavfugioe
775 1727 804 1754 et
816 1735 826 1754 .·
844 1724 930 1754 eod.
944 1724 1100 1754 Menard.
1112 1723 1281 1759 Luxfuit,·
1299 1723 1393 1753 Leid.
1412 1722 1516 1758 veuit,·
1533 1722 1634 1753 Cant.

179 1773 214 1796 et.
230 1766 295 1796 duo
311 1765 485 1805 aliifugit;
500 1765 595 1796 Leid.
607 1766 701 1796 subiit
710 1766 889 1806 prim.—-94
901 1766 1051 1797 Berolin.
1062 1767 1134 1797 dum
1146 1769 1379 1805 tempora.—95
1393 1765 1488 1795 Unus
1499 1765 1634 1796 Bonon.

178 1810 217 1839 In
231 1808 344 1848 placid.
358 1810 473 1839 Cursus
486 1818 546 1848 pro
559 1809 634 1847 laps.
649 1809 751 1839 etiam
764 1810 933 1839 unusBas.
946 1814 980 1839 et
996 1818 1099 1849 marg.
1113 1809 1243 1840 Bersm.
1258 1813 1293 1839 et
1306 1808 1437 1848 Gryph.
1451 1807 1635 1848 ed.fluctus

179 1861 263 1882 uuus
276 1850 372 1883 Leid.
396 1851 550 1890 Motaeque
572 1860 613 1881 ex
631 1861 696 1882 uno
715 1852 793 1882 Bas.
811 1857 845 1883 et
863 1851 1006 1892 Gryphii
1022 1851 1172 1891 margine
1190 1851 1322 1891 recepit
1340 1851 1460 1881 Heins.
1473 1859 1534 1890 pro
1545 1849 1636 1890 vulg.

178 1898 322 1934 totoeque:
340 1903 426 1924 unus
438 1894 534 1925 Med.
545 1897 689 1933 tutamque
703 1895 793 1934 quod
810 1899 845 1925 et
859 1895 968 1934 ipsum
980 1894 1091 1925 eidem
1105 1894 1229 1934 placet.
1233 1896 1315 1924 -97
1330 1893 1425 1924 Leid.
1438 1893 1523 1923 abdit
1536 1893 1570 1923 in
1579 1902 1634 1923 im-

179 1939 237 1967 slis.
240 1940 325 1968 -98
337 1936 529 1984 Naugerius
544 1946 587 1967 ex
599 1937 766 1967 nonnullis
778 1936 877 1968 afiert
895 1937 988 1968 Hunc
998 1940 1131 1975 tuntum,
1144 1936 1232 1977 quod
1249 1936 1338 1967 idem
1355 1936 1473 1967 Heius
1490 1936 1524 1965 in
1540 1934 1634 1974 quin-

181 1989 246 2019 que
263 1978 372 2011 Codd.
387 1979 534 2019 reperit:
562 1979 659 2009 Haud
675 1984 777 2010 tumen
796 1989 878 2010 uuus
895 1980 984 2010 Μοι.
1009 1980 1104 2010 Hunc
1116 1983 1218 2010 tamen
1233 1989 1261 2009 a.
1273 1979 1376 2009 decuit
1391 1988 1474 2008 unus
1492 1975 1635 2007 Heinsii.

178 2022 297 2051 Burni.
314 2031 402 2062 conj.
428 2022 522 2052 Hand
538 2027 640 2051 tmnen
655 2032 685 2052 u.
703 2023 804 2052 nocuit
812 2022 841 2059 1'.
864 2023 993 2059 decoris,
1012 2023 1122 2052 Cetem
1137 2032 1162 2052 s.
1180 2023 1283 2057 enim3
1306 2032 1330 2051 c.
1348 2022 1433 2050 modo
1441 2019 1568 2058 fronde,
1580 2019 1633 2057 ξε.

180 2064 270 2094 Nam
305 2065 392 2093 modo
416 2068 468 2093 est
498 2064 530 2093 in
552 2064 646 2094 Mled
663 2074 724 2094 uec
741 2064 943 2104 displicebat
970 2063 1125 2094 Heinsio.
1170 2063 1279 2093 Faber
1306 2064 1369 2102 Ep.
1396 2071 1436 2092 11.
1463 2065 1514 2092 69.
1538 2061 1637 2101 legit,

182 2106 277 2135 Hunc
292 2108 415 2136 tantum
430 2106 539 2136 abluti.
542 2109 626 2135 —99
652 2107 732 2136 Erat
749 2115 808 2146 pro
831 2106 921 2136 habet
937 2105 1034 2136 dedit
1048 2106 1169 2136 Heius.
1190 2115 1231 2136 ex
1249 2106 1355 2151 altero
1374 2105 1413 2135 R.
1437 2104 1499 2135 uisi
1515 2113 1634 2135 verum

836 2207 867 2237 N
874 2207 978 2237 OTAE

182 2287 372 2319 vastatione
396 2285 500 2316 fuerit
523 2285 726 2325 prohibitus.
768 2286 880 2316 Cornu
935 2295 1033 2326 quam
1051 2289 1129 2315 ante
1147 2284 1324 2324 coeperint.

182 2338 328 2378 denique
346 2337 506 2375 ablatum,
522 2336 639 2376 Copiae
657 2336 774 2366 volunt
791 2335 880 2366 dica-
977 2337 1018 2365 92
1030 2333 1239 2374 Autumnum]
1254 2334 1394 2365 Fructus
1407 2341 1635 2376 quoscumque

183 2395 267 2428 tum,
294 2388 381 2429 quod
420 2388 492 2427 agri
537 2396 623 2426 aqua
662 2396 703 2417 ex
732 2385 881 2417 Acheloo
935 2384 1004 2416 fert
1020 2383 1224 2417 Autumnus.

183 2440 336 2471 derivata
352 2438 469 2478 irrigui
485 2436 668 2469 fertiliores
685 2447 758 2468 esse
777 2437 882 2468 multo
