<?xml version="1.0" encoding="UTF-8"?>
<!DOCTYPE html PUBLIC "-//W3C//DTD XHTML 1.0 Transitional//EN"
    "http://www.w3.org/TR/xhtml1/DTD/xhtml1-transitional.dtd">
<html xmlns="http://www.w3.org/1999/xhtml" xml:lang="en" lang="en">
 <head>
  <title>
</title>
<meta http-equiv="Content-Type" content="text/html;charset=utf-8" />
  <meta name='ocr-system' content='tesseract 3.04.00' />
  <meta name='ocr-capabilities' content='ocr_page ocr_carea ocr_par ocr_line ocrx_word'/>
</head>
<body>
  <div class='ocr_page' id='page_1' title='image "./operaomniaexedit03oviduoft_0542.png"; bbox 0 0 1831 3023; ppageno 0'>
   <div class='ocr_carea' id='block_1_1' title="bbox 197 263 1160 311">
    <p class='ocr_par' dir='ltr' id='par_1_1' title="bbox 197 263 1160 311">
     <span class='ocr_line' id='line_1_1' title="bbox 197 263 1160 311; baseline 0.005 -5"><span class='ocrx_word' id='word_1_1' title='bbox 197 263 313 306; x_wconf 83' lang='lat'>1606</span> <span class='ocrx_word' id='word_1_2' title='bbox 684 279 722 309; x_wconf 74' lang='grc' dir='ltr'><strong>Ρ.</strong></span> <span class='ocrx_word' id='word_1_3' title='bbox 753 277 910 308; x_wconf 81' lang='lat' dir='ltr'><strong>ovmu</strong></span> <span class='ocrx_word' id='word_1_4' title='bbox 945 275 1160 311; x_wconf 72' lang='lat' dir='ltr'><strong>NAs&#39;oms</strong></span> 
     </span>
    </p>
   </div>
   <div class='ocr_carea' id='block_1_2' title="bbox 190 369 1649 1300">
    <p class='ocr_par' dir='ltr' id='par_1_2' title="bbox 194 369 1420 492">
     <span class='ocr_line' id='line_1_2' title="bbox 194 369 1420 430; baseline 0.007 -21"><span class='ocrx_word' id='word_1_5' title='bbox 194 369 249 410; x_wconf 92' lang='lat' dir='ltr'><strong>In</strong></span> <span class='ocrx_word' id='word_1_6' title='bbox 269 373 472 424; x_wconf 82' lang='lat' dir='ltr'><strong>segetem,</strong></span> <span class='ocrx_word' id='word_1_7' title='bbox 494 372 756 425; x_wconf 88' lang='lat' dir='ltr'><strong>laticemque</strong></span> <span class='ocrx_word' id='word_1_8' title='bbox 775 373 897 424; x_wconf 90' lang='lat' dir='ltr'><strong>meri,</strong></span> <span class='ocrx_word' id='word_1_9' title='bbox 915 375 1182 430; x_wconf 86' lang='lat' dir='ltr'><strong>baccamque</strong></span> <span class='ocrx_word' id='word_1_10' title='bbox 1204 373 1420 418; x_wconf 73' lang='lat' dir='ltr'><strong>Minervae</strong></span> 
     </span>
     <span class='ocr_line' id='line_1_3' title="bbox 194 435 1327 492; baseline 0.008 -17"><span class='ocrx_word' id='word_1_11' title='bbox 194 435 655 480; x_wconf 83' lang='lat' dir='ltr'><strong>Transsormabantur:</strong></span> <span class='ocrx_word' id='word_1_12' title='bbox 687 439 899 492; x_wconf 86' lang='lat' dir='ltr'><strong>divesque</strong></span> <span class='ocrx_word' id='word_1_13' title='bbox 920 444 1010 482; x_wconf 87' lang='lat' dir='ltr'><strong>erat</strong></span> <span class='ocrx_word' id='word_1_14' title='bbox 1027 454 1139 484; x_wconf 87' lang='lat' dir='ltr'><strong>usus</strong></span> <span class='ocrx_word' id='word_1_15' title='bbox 1159 444 1205 484; x_wconf 90' lang='lat' dir='ltr'><strong>in</strong></span> <span class='ocrx_word' id='word_1_16' title='bbox 1224 442 1327 484; x_wconf 87' lang='lat' dir='ltr'><strong>illis.</strong></span> 
     </span>
    </p>

    <p class='ocr_par' dir='ltr' id='par_1_3' title="bbox 191 501 1649 629">
     <span class='ocr_line' id='line_1_4' title="bbox 193 501 1649 560; baseline 0.003 -17"><span class='ocrx_word' id='word_1_17' title='bbox 193 501 301 545; x_wconf 86' lang='lat' dir='ltr'><strong>Hoc</strong></span> <span class='ocrx_word' id='word_1_18' title='bbox 320 507 395 547; x_wconf 92' lang='lat' dir='ltr'><strong>ubi</strong></span> <span class='ocrx_word' id='word_1_19' title='bbox 417 505 624 558; x_wconf 86' lang='lat' dir='ltr'><strong>cognovit</strong></span> <span class='ocrx_word' id='word_1_20' title='bbox 643 505 790 560; x_wconf 87' lang='lat' dir='ltr'><strong>Trojae</strong></span> <span class='ocrx_word' id='word_1_21' title='bbox 813 508 1047 559; x_wconf 87' lang='lat' dir='ltr'>populator</span> <span class='ocrx_word' id='word_1_22' title='bbox 1067 507 1261 559; x_wconf 85' lang='lat' dir='ltr'><strong>Atrides,</strong></span> <span class='ocrx_word' id='word_1_23' title='bbox 1563 506 1649 549; x_wconf 83' lang='lat'><strong>655</strong></span> 
     </span>
     <span class='ocr_line' id='line_1_5' title="bbox 191 568 1315 629; baseline 0.004 -18"><span class='ocrx_word' id='word_1_24' title='bbox 191 568 285 623; x_wconf 93' lang='lat' dir='ltr'><strong>(Ne</strong></span> <span class='ocrx_word' id='word_1_25' title='bbox 305 586 393 613; x_wconf 91' lang='lat' dir='ltr'><strong>non</strong></span> <span class='ocrx_word' id='word_1_26' title='bbox 413 585 470 612; x_wconf 84' lang='lat' dir='ltr'><strong>ex</strong></span> <span class='ocrx_word' id='word_1_27' title='bbox 487 573 636 626; x_wconf 89' lang='lat' dir='ltr'><strong>aliqua</strong></span> <span class='ocrx_word' id='word_1_28' title='bbox 655 575 846 614; x_wconf 80' lang='lat' dir='ltr'><strong>vestram</strong></span> <span class='ocrx_word' id='word_1_29' title='bbox 867 574 1059 615; x_wconf 83' lang='lat' dir='ltr'><strong>sensisse</strong></span> <span class='ocrx_word' id='word_1_30' title='bbox 1078 576 1315 629; x_wconf 77' lang='lat' dir='ltr'><strong>procellam</strong></span> 
     </span>
    </p>

    <p class='ocr_par' dir='ltr' id='par_1_4' title="bbox 192 638 1378 695">
     <span class='ocr_line' id='line_1_6' title="bbox 192 638 1378 695; baseline 0.002 -14"><span class='ocrx_word' id='word_1_31' title='bbox 192 639 292 681; x_wconf 90' lang='lat' dir='ltr'><strong>Nos</strong></span> <span class='ocrx_word' id='word_1_32' title='bbox 313 652 486 693; x_wconf 90' lang='lat' dir='ltr'><strong>quoque</strong></span> <span class='ocrx_word' id='word_1_33' title='bbox 501 644 628 694; x_wconf 84' lang='lat' dir='ltr'><strong>parte</strong></span> <span class='ocrx_word' id='word_1_34' title='bbox 642 638 818 695; x_wconf 56' lang='lat' dir='ltr'><strong>putes)</strong></span> <span class='ocrx_word' id='word_1_35' title='bbox 834 654 1049 683; x_wconf 87' lang='lat' dir='ltr'><strong>armorum</strong></span> <span class='ocrx_word' id='word_1_36' title='bbox 1066 643 1231 685; x_wconf 88' lang='lat' dir='ltr'><strong>viribus</strong></span> <span class='ocrx_word' id='word_1_37' title='bbox 1253 653 1378 694; x_wconf 86' lang='lat' dir='ltr'><strong>usus,</strong></span> 
     </span>
    </p>

    <p class='ocr_par' dir='ltr' id='par_1_5' title="bbox 190 706 1263 765">
     <span class='ocr_line' id='line_1_7' title="bbox 190 706 1263 765; baseline 0.005 -18"><span class='ocrx_word' id='word_1_38' title='bbox 190 706 422 749; x_wconf 83' lang='lat' dir='ltr'><strong>Abstrahit</strong></span> <span class='ocrx_word' id='word_1_39' title='bbox 437 708 596 749; x_wconf 87' lang='lat' dir='ltr'><strong>invitas</strong></span> <span class='ocrx_word' id='word_1_40' title='bbox 614 709 778 761; x_wconf 86' lang='lat' dir='ltr'><strong>gremio</strong></span> <span class='ocrx_word' id='word_1_41' title='bbox 798 710 1029 762; x_wconf 83' lang='lat' dir='ltr'><strong>genitoris:</strong></span> <span class='ocrx_word' id='word_1_42' title='bbox 1060 711 1263 765; x_wconf 82' lang='lat' dir='ltr'><strong>alantque</strong></span> 
     </span>
    </p>

    <p class='ocr_par' dir='ltr' id='par_1_6' title="bbox 192 773 1267 828">
     <span class='ocr_line' id='line_1_8' title="bbox 192 773 1267 828; baseline 0.006 -15"><span class='ocrx_word' id='word_1_43' title='bbox 192 773 386 827; x_wconf 84' lang='lat' dir='ltr'><strong>Imperat</strong></span> <span class='ocrx_word' id='word_1_44' title='bbox 406 773 659 828; x_wconf 82' lang='lat' dir='ltr'><strong>Argolicam</strong></span> <span class='ocrx_word' id='word_1_45' title='bbox 680 777 852 817; x_wconf 84' lang='lat' dir='ltr'><strong>coelesti</strong></span> <span class='ocrx_word' id='word_1_46' title='bbox 870 790 1043 819; x_wconf 89' lang='lat' dir='ltr'><strong>munere</strong></span> <span class='ocrx_word' id='word_1_47' title='bbox 1064 779 1267 819; x_wconf 86' lang='lat' dir='ltr'><strong>classem.</strong></span> 
     </span>
    </p>

    <p class='ocr_par' dir='ltr' id='par_1_7' title="bbox 191 839 1649 962">
     <span class='ocr_line' id='line_1_9' title="bbox 191 839 1649 896; baseline 0.003 -16"><span class='ocrx_word' id='word_1_48' title='bbox 191 839 414 894; x_wconf 86' lang='lat' dir='ltr'><strong>Effugiunt</strong></span> <span class='ocrx_word' id='word_1_49' title='bbox 432 856 518 896; x_wconf 88' lang='lat' dir='ltr'><strong>quo</strong></span> <span class='ocrx_word' id='word_1_50' title='bbox 540 856 730 896; x_wconf 87' lang='lat' dir='ltr'><strong>quaeque</strong></span> <span class='ocrx_word' id='word_1_51' title='bbox 752 845 915 895; x_wconf 86' lang='lat' dir='ltr'><strong>potest.</strong></span> <span class='ocrx_word' id='word_1_52' title='bbox 976 842 1153 883; x_wconf 85' lang='lat' dir='ltr'><strong>Euboea</strong></span> <span class='ocrx_word' id='word_1_53' title='bbox 1173 845 1361 893; x_wconf 86' lang='lat' dir='ltr'><strong>duabus,</strong></span> <span class='ocrx_word' id='word_1_54' title='bbox 1561 842 1649 885; x_wconf 82' lang='grc'><strong>660</strong></span> 
     </span>
     <span class='ocr_line' id='line_1_10' title="bbox 191 907 1253 962; baseline 0.003 -15"><span class='ocrx_word' id='word_1_55' title='bbox 191 907 248 948; x_wconf 93' lang='lat' dir='ltr'><strong>Et</strong></span> <span class='ocrx_word' id='word_1_56' title='bbox 267 908 450 949; x_wconf 83' lang='lat' dir='ltr'><strong>totidem</strong></span> <span class='ocrx_word' id='word_1_57' title='bbox 470 909 583 950; x_wconf 85' lang='lat' dir='ltr'><strong>natis</strong></span> <span class='ocrx_word' id='word_1_58' title='bbox 604 907 779 949; x_wconf 88' lang='lat' dir='ltr'><strong>Andros</strong></span> <span class='ocrx_word' id='word_1_59' title='bbox 799 908 991 949; x_wconf 87' lang='lat' dir='ltr'><strong>fraterna</strong></span> <span class='ocrx_word' id='word_1_60' title='bbox 1011 909 1153 962; x_wconf 85' lang='lat' dir='ltr'><strong>petita</strong></span> <span class='ocrx_word' id='word_1_61' title='bbox 1170 913 1253 950; x_wconf 87' lang='lat' dir='ltr'><strong>est.</strong></span> 
     </span>
    </p>

    <p class='ocr_par' dir='ltr' id='par_1_8' title="bbox 193 974 1248 1026">
     <span class='ocr_line' id='line_1_11' title="bbox 193 974 1248 1026; baseline 0.002 -11"><span class='ocrx_word' id='word_1_62' title='bbox 193 974 327 1015; x_wconf 89' lang='lat' dir='ltr'><strong>Miles</strong></span> <span class='ocrx_word' id='word_1_63' title='bbox 348 975 490 1016; x_wconf 83' lang='lat' dir='ltr'><strong>adest:</strong></span> <span class='ocrx_word' id='word_1_64' title='bbox 522 979 578 1026; x_wconf 91' lang='lat' dir='ltr'><strong>et,</strong></span> <span class='ocrx_word' id='word_1_65' title='bbox 597 976 640 1016; x_wconf 92' lang='lat' dir='ltr'><strong>ni</strong></span> <span class='ocrx_word' id='word_1_66' title='bbox 663 975 890 1026; x_wconf 85' lang='lat' dir='ltr'><strong>dedantur,</strong></span> <span class='ocrx_word' id='word_1_67' title='bbox 910 976 1027 1017; x_wconf 88' lang='lat' dir='ltr'><strong>bella</strong></span> <span class='ocrx_word' id='word_1_68' title='bbox 1046 976 1248 1018; x_wconf 83' lang='lat' dir='ltr'><strong>minatur.</strong></span> 
     </span>
    </p>

    <p class='ocr_par' dir='ltr' id='par_1_9' title="bbox 190 1040 1229 1098">
     <span class='ocr_line' id='line_1_12' title="bbox 190 1040 1229 1098; baseline 0.004 -17"><span class='ocrx_word' id='word_1_69' title='bbox 190 1040 326 1082; x_wconf 89' lang='lat' dir='ltr'><strong>Victa</strong></span> <span class='ocrx_word' id='word_1_70' title='bbox 341 1046 459 1083; x_wconf 89' lang='lat' dir='ltr'><strong>metu</strong></span> <span class='ocrx_word' id='word_1_71' title='bbox 480 1043 621 1097; x_wconf 88' lang='lat' dir='ltr'><strong>pietas</strong></span> <span class='ocrx_word' id='word_1_72' title='bbox 644 1043 864 1085; x_wconf 87' lang='lat' dir='ltr'><strong>consortia</strong></span> <span class='ocrx_word' id='word_1_73' title='bbox 884 1047 1065 1097; x_wconf 86' lang='lat' dir='ltr'><strong>pectora</strong></span> <span class='ocrx_word' id='word_1_74' title='bbox 1081 1057 1229 1098; x_wconf 84' lang='lat' dir='ltr'><strong>poenae</strong></span> 
     </span>
    </p>

    <p class='ocr_par' dir='ltr' id='par_1_10' title="bbox 192 1108 1230 1164">
     <span class='ocr_line' id='line_1_13' title="bbox 192 1108 1230 1164; baseline 0.003 -16"><span class='ocrx_word' id='word_1_75' title='bbox 192 1108 351 1150; x_wconf 88' lang='lat' dir='ltr'><strong>Dedit:</strong></span> <span class='ocrx_word' id='word_1_76' title='bbox 384 1113 426 1151; x_wconf 89' lang='lat' dir='ltr'><strong>et</strong></span> <span class='ocrx_word' id='word_1_77' title='bbox 443 1113 491 1149; x_wconf 89' lang='lat' dir='ltr'><strong>ut</strong></span> <span class='ocrx_word' id='word_1_78' title='bbox 510 1110 661 1152; x_wconf 89' lang='lat' dir='ltr'><strong>timido</strong></span> <span class='ocrx_word' id='word_1_79' title='bbox 680 1111 830 1164; x_wconf 86' lang='lat' dir='ltr'><strong>possis</strong></span> <span class='ocrx_word' id='word_1_80' title='bbox 850 1110 1075 1163; x_wconf 84' lang='lat' dir='ltr'><strong>ignoscere</strong></span> <span class='ocrx_word' id='word_1_81' title='bbox 1092 1110 1230 1161; x_wconf 84' lang='lat' dir='ltr'><strong>fratri,</strong></span> 
     </span>
    </p>

    <p class='ocr_par' dir='ltr' id='par_1_11' title="bbox 190 1175 1649 1300">
     <span class='ocr_line' id='line_1_14' title="bbox 192 1175 1649 1232; baseline 0.003 -16"><span class='ocrx_word' id='word_1_82' title='bbox 192 1175 294 1216; x_wconf 90' lang='lat' dir='ltr'><strong>Non</strong></span> <span class='ocrx_word' id='word_1_83' title='bbox 313 1177 384 1217; x_wconf 90' lang='lat' dir='ltr'><strong>hic</strong></span> <span class='ocrx_word' id='word_1_84' title='bbox 404 1177 582 1228; x_wconf 86' lang='lat' dir='ltr'><strong>AEneas,</strong></span> <span class='ocrx_word' id='word_1_85' title='bbox 604 1191 707 1228; x_wconf 87' lang='lat' dir='ltr'><strong>non,</strong></span> <span class='ocrx_word' id='word_1_86' title='bbox 727 1178 802 1232; x_wconf 91' lang='lat' dir='ltr'><strong>qui</strong></span> <span class='ocrx_word' id='word_1_87' title='bbox 823 1178 1072 1219; x_wconf 90' lang='lat' dir='ltr'><strong>defenderet</strong></span> <span class='ocrx_word' id='word_1_88' title='bbox 1088 1175 1284 1228; x_wconf 90' lang='lat' dir='ltr'><strong>Andron,</strong></span> <span class='ocrx_word' id='word_1_89' title='bbox 1563 1177 1649 1221; x_wconf 88' lang='grc'><strong>665</strong></span> 
     </span>
     <span class='ocr_line' id='line_1_15' title="bbox 190 1243 1434 1300; baseline 0.003 -17"><span class='ocrx_word' id='word_1_90' title='bbox 190 1243 357 1284; x_wconf 82' lang='lat' dir='ltr'><strong>Hector</strong></span> <span class='ocrx_word' id='word_1_91' title='bbox 377 1248 491 1286; x_wconf 85' lang='lat' dir='ltr'><strong>erat:</strong></span> <span class='ocrx_word' id='word_1_92' title='bbox 522 1258 601 1300; x_wconf 88' lang='lat' dir='ltr'><strong>per</strong></span> <span class='ocrx_word' id='word_1_93' title='bbox 623 1259 735 1300; x_wconf 90' lang='lat' dir='ltr'><strong>quos</strong></span> <span class='ocrx_word' id='word_1_94' title='bbox 755 1246 970 1287; x_wconf 88' lang='lat' dir='ltr'><strong>decimum</strong></span> <span class='ocrx_word' id='word_1_95' title='bbox 991 1244 1184 1286; x_wconf 87' lang='lat' dir='ltr'><strong>durastis</strong></span> <span class='ocrx_word' id='word_1_96' title='bbox 1204 1245 1248 1286; x_wconf 92' lang='lat' dir='ltr'><strong>in</strong></span> <span class='ocrx_word' id='word_1_97' title='bbox 1264 1258 1434 1287; x_wconf 88' lang='lat' dir='ltr'><strong>annum.</strong></span> 
     </span>
    </p>
   </div>
   <div class='ocr_carea' id='block_1_3' title="bbox 188 1362 1652 1745">
    <p class='ocr_par' dir='ltr' id='par_1_12' title="bbox 188 1362 1652 1745">
     <span class='ocr_line' id='line_1_16' title="bbox 189 1362 1651 1409; baseline 0.004 -16"><span class='ocrx_word' id='word_1_98' title='bbox 189 1362 302 1393; x_wconf 80' lang='lat' dir='ltr'><strong>bantur</strong></span> <span class='ocrx_word' id='word_1_99' title='bbox 326 1368 413 1396; x_wconf 74' lang='lat' dir='ltr'><strong>tactu</strong></span> <span class='ocrx_word' id='word_1_100' title='bbox 422 1365 568 1406; x_wconf 81' lang='lat' dir='ltr'><strong>filiarum</strong></span> <span class='ocrx_word' id='word_1_101' title='bbox 582 1377 716 1399; x_wconf 83' lang='lat' dir='ltr'><strong>mearum</strong></span> <span class='ocrx_word' id='word_1_102' title='bbox 731 1369 763 1399; x_wconf 80' lang='lat' dir='ltr'><strong>in</strong></span> <span class='ocrx_word' id='word_1_103' title='bbox 771 1368 979 1408; x_wconf 80' lang='lat' dir='ltr'><strong>frumentum,</strong></span> <span class='ocrx_word' id='word_1_104' title='bbox 1004 1372 1033 1399; x_wconf 84' lang='lat' dir='ltr'><strong>et</strong></span> <span class='ocrx_word' id='word_1_105' title='bbox 1050 1369 1199 1409; x_wconf 81' lang='lat' dir='ltr'><strong>liquorem</strong></span> <span class='ocrx_word' id='word_1_106' title='bbox 1214 1367 1290 1407; x_wconf 71' lang='lat' dir='ltr'><strong>viui,</strong></span> <span class='ocrx_word' id='word_1_107' title='bbox 1311 1371 1341 1398; x_wconf 84' lang='lat' dir='ltr'><strong>et</strong></span> <span class='ocrx_word' id='word_1_108' title='bbox 1356 1368 1451 1398; x_wconf 76' lang='lat' dir='ltr'><strong>olivas</strong></span> <span class='ocrx_word' id='word_1_109' title='bbox 1474 1367 1651 1399; x_wconf 74' lang='lat' dir='ltr'><strong>Minen-ae:</strong></span> 
     </span>
     <span class='ocr_line' id='line_1_17' title="bbox 189 1409 1650 1451; baseline 0.003 -15"><span class='ocrx_word' id='word_1_110' title='bbox 189 1409 279 1445; x_wconf 82' lang='lat' dir='ltr'><strong>atque</strong></span> <span class='ocrx_word' id='word_1_111' title='bbox 294 1417 365 1438; x_wconf 85' lang='lat' dir='ltr'><strong>usus</strong></span> <span class='ocrx_word' id='word_1_112' title='bbox 380 1411 447 1439; x_wconf 79' lang='lat' dir='ltr'><strong>erat</strong></span> <span class='ocrx_word' id='word_1_113' title='bbox 463 1409 547 1440; x_wconf 77' lang='lat' dir='ltr'><strong>dives</strong></span> <span class='ocrx_word' id='word_1_114' title='bbox 561 1410 594 1440; x_wconf 81' lang='lat' dir='ltr'><strong>in</strong></span> <span class='ocrx_word' id='word_1_115' title='bbox 608 1410 681 1442; x_wconf 80' lang='lat' dir='ltr'><strong>illis.</strong></span> <span class='ocrx_word' id='word_1_116' title='bbox 726 1412 898 1451; x_wconf 75' lang='lat' dir='ltr'><strong>Postquam</strong></span> <span class='ocrx_word' id='word_1_117' title='bbox 911 1412 1041 1443; x_wconf 81' lang='lat' dir='ltr'><strong>Atrides</strong></span> <span class='ocrx_word' id='word_1_118' title='bbox 1055 1414 1195 1442; x_wconf 77' lang='lat' dir='ltr'><strong>vastator</strong></span> <span class='ocrx_word' id='word_1_119' title='bbox 1213 1410 1311 1448; x_wconf 75' lang='lat' dir='ltr'><strong>Trojae</strong></span> <span class='ocrx_word' id='word_1_120' title='bbox 1326 1410 1381 1441; x_wconf 81' lang='lat' dir='ltr'><strong>hoc</strong></span> <span class='ocrx_word' id='word_1_121' title='bbox 1394 1413 1580 1450; x_wconf 81' lang='lat' dir='ltr'><strong>compertum</strong></span> <span class='ocrx_word' id='word_1_122' title='bbox 1593 1410 1650 1441; x_wconf 79' lang='lat' dir='ltr'><strong>ha·</strong></span> 
     </span>
     <span class='ocr_line' id='line_1_18' title="bbox 189 1447 1652 1495; baseline 0.003 -17"><span class='ocrx_word' id='word_1_123' title='bbox 189 1447 266 1495; x_wconf 58' lang='lat' dir='ltr'><strong>buit,</strong></span> <span class='ocrx_word' id='word_1_124' title='bbox 295 1450 356 1488; x_wconf 82' lang='lat' dir='ltr'><strong>(ne</strong></span> <span class='ocrx_word' id='word_1_125' title='bbox 385 1452 491 1481; x_wconf 86' lang='lat' dir='ltr'><strong>credas</strong></span> <span class='ocrx_word' id='word_1_126' title='bbox 513 1461 568 1481; x_wconf 92' lang='lat' dir='ltr'><strong>nos</strong></span> <span class='ocrx_word' id='word_1_127' title='bbox 592 1453 687 1483; x_wconf 75' lang='lat' dir='ltr'><strong>ceiam</strong></span> <span class='ocrx_word' id='word_1_128' title='bbox 701 1463 761 1483; x_wconf 84' lang='lat' dir='ltr'><strong>non</strong></span> <span class='ocrx_word' id='word_1_129' title='bbox 784 1457 924 1493; x_wconf 71' lang='lat' dir='ltr'><strong>expertos</strong></span> <span class='ocrx_word' id='word_1_130' title='bbox 946 1463 1009 1485; x_wconf 89' lang='lat' dir='ltr'><strong>esse</strong></span> <span class='ocrx_word' id='word_1_131' title='bbox 1029 1453 1131 1493; x_wconf 85' lang='lat' dir='ltr'><strong>aliquo</strong></span> <span class='ocrx_word' id='word_1_132' title='bbox 1153 1454 1240 1484; x_wconf 82' lang='lat' dir='ltr'><strong>modo</strong></span> <span class='ocrx_word' id='word_1_133' title='bbox 1264 1456 1397 1483; x_wconf 81' lang='lat' dir='ltr'><strong>vestram</strong></span> <span class='ocrx_word' id='word_1_134' title='bbox 1410 1451 1561 1493; x_wconf 83' lang='lat' dir='ltr'><strong>cladem,)</strong></span> <span class='ocrx_word' id='word_1_135' title='bbox 1577 1461 1652 1483; x_wconf 79' lang='lat' dir='ltr'><strong>usus</strong></span> 
     </span>
     <span class='ocr_line' id='line_1_19' title="bbox 188 1490 1649 1536; baseline 0.003 -16"><span class='ocrx_word' id='word_1_136' title='bbox 188 1490 308 1520; x_wconf 63' lang='lat' dir='ltr'><strong>viribus</strong></span> <span class='ocrx_word' id='word_1_137' title='bbox 328 1501 483 1522; x_wconf 80' lang='lat' dir='ltr'><strong>armorum</strong></span> <span class='ocrx_word' id='word_1_138' title='bbox 507 1493 661 1524; x_wconf 81' lang='lat' dir='ltr'><strong>abstrahit</strong></span> <span class='ocrx_word' id='word_1_139' title='bbox 682 1496 819 1526; x_wconf 84' lang='lat' dir='ltr'><strong>nolentes</strong></span> <span class='ocrx_word' id='word_1_140' title='bbox 843 1506 882 1526; x_wconf 76' lang='lat' dir='ltr'><strong>ex</strong></span> <span class='ocrx_word' id='word_1_141' title='bbox 905 1496 975 1527; x_wconf 85' lang='lat' dir='ltr'><strong>sinu</strong></span> <span class='ocrx_word' id='word_1_142' title='bbox 995 1496 1122 1536; x_wconf 78' lang='lat' dir='ltr'><strong>patris,·</strong></span> <span class='ocrx_word' id='word_1_143' title='bbox 1144 1499 1234 1535; x_wconf 80' lang='lat' dir='ltr'><strong>atque</strong></span> <span class='ocrx_word' id='word_1_144' title='bbox 1251 1495 1342 1534; x_wconf 78' lang='lat' dir='ltr'><strong>jubet</strong></span> <span class='ocrx_word' id='word_1_145' title='bbox 1366 1499 1496 1536; x_wconf 81' lang='lat' dir='ltr'><strong>pascant</strong></span> <span class='ocrx_word' id='word_1_146' title='bbox 1522 1495 1649 1525; x_wconf 85' lang='lat' dir='ltr'><strong>classem</strong></span> 
     </span>
     <span class='ocr_line' id='line_1_20' title="bbox 192 1531 1651 1578; baseline 0.004 -17"><span class='ocrx_word' id='word_1_147' title='bbox 192 1531 338 1564; x_wconf 81' lang='lat' dir='ltr'><strong>Groecam</strong></span> <span class='ocrx_word' id='word_1_148' title='bbox 353 1535 429 1564; x_wconf 78' lang='lat' dir='ltr'><strong>dono</strong></span> <span class='ocrx_word' id='word_1_149' title='bbox 443 1534 570 1566; x_wconf 80' lang='lat' dir='ltr'><strong>coelesti.</strong></span> <span class='ocrx_word' id='word_1_150' title='bbox 616 1536 810 1567; x_wconf 80' lang='lat' dir='ltr'><strong>Dilabuntur</strong></span> <span class='ocrx_word' id='word_1_151' title='bbox 839 1548 897 1577; x_wconf 76' lang='lat' dir='ltr'><strong>quo</strong></span> <span class='ocrx_word' id='word_1_152' title='bbox 923 1539 1030 1578; x_wconf 82' lang='lat' dir='ltr'><strong>cuique</strong></span> <span class='ocrx_word' id='word_1_153' title='bbox 1055 1538 1139 1569; x_wconf 80' lang='lat' dir='ltr'><strong>licet.</strong></span> <span class='ocrx_word' id='word_1_154' title='bbox 1182 1538 1266 1568; x_wconf 79' lang='lat' dir='ltr'><strong>Duce</strong></span> <span class='ocrx_word' id='word_1_155' title='bbox 1281 1547 1365 1568; x_wconf 88' lang='lat' dir='ltr'><strong>meae</strong></span> <span class='ocrx_word' id='word_1_156' title='bbox 1382 1537 1466 1578; x_wconf 73' lang='lat' dir='ltr'><strong>filiae</strong></span> <span class='ocrx_word' id='word_1_157' title='bbox 1479 1538 1602 1568; x_wconf 76' lang='lat' dir='ltr'><strong>iverunt</strong></span> <span class='ocrx_word' id='word_1_158' title='bbox 1616 1537 1651 1568; x_wconf 79' lang='lat' dir='ltr'><strong>in</strong></span> 
     </span>
     <span class='ocr_line' id='line_1_21' title="bbox 189 1574 1649 1619; baseline 0.003 -15"><span class='ocrx_word' id='word_1_159' title='bbox 189 1574 353 1615; x_wconf 83' lang='lat' dir='ltr'><strong>Euboeam,</strong></span> <span class='ocrx_word' id='word_1_160' title='bbox 378 1579 469 1615; x_wconf 82' lang='lat' dir='ltr'><strong>atque</strong></span> <span class='ocrx_word' id='word_1_161' title='bbox 494 1577 623 1607; x_wconf 75' lang='lat' dir='ltr'><strong>totidem</strong></span> <span class='ocrx_word' id='word_1_162' title='bbox 638 1584 878 1610; x_wconf 82' lang='lat' dir='ltr'><strong>concesserunt</strong></span> <span class='ocrx_word' id='word_1_163' title='bbox 894 1580 925 1610; x_wconf 82' lang='lat' dir='ltr'><strong>in</strong></span> <span class='ocrx_word' id='word_1_164' title='bbox 942 1581 1074 1610; x_wconf 82' lang='lat' dir='ltr'><strong>Andron</strong></span> <span class='ocrx_word' id='word_1_165' title='bbox 1089 1590 1107 1610; x_wconf 85' lang='lat' dir='ltr'><strong>a</strong></span> <span class='ocrx_word' id='word_1_166' title='bbox 1116 1579 1226 1617; x_wconf 84' lang='lat' dir='ltr'><strong>fratre</strong></span> <span class='ocrx_word' id='word_1_167' title='bbox 1240 1589 1293 1610; x_wconf 75' lang='lat' dir='ltr'><strong>suo</strong></span> <span class='ocrx_word' id='word_1_168' title='bbox 1312 1589 1488 1619; x_wconf 77' lang='lat' dir='ltr'><strong>possessam.</strong></span> <span class='ocrx_word' id='word_1_169' title='bbox 1530 1579 1649 1609; x_wconf 79' lang='lat' dir='ltr'><strong>Classis</strong></span> 
     </span>
     <span class='ocr_line' id='line_1_22' title="bbox 189 1616 1650 1663; baseline 0.003 -17"><span class='ocrx_word' id='word_1_170' title='bbox 189 1616 315 1663; x_wconf 72' lang='lat' dir='ltr'><strong>inimica</strong></span> <span class='ocrx_word' id='word_1_171' title='bbox 330 1619 457 1657; x_wconf 78' lang='lat' dir='ltr'><strong>appellit</strong></span> <span class='ocrx_word' id='word_1_172' title='bbox 470 1629 481 1654; x_wconf 93' lang='lat'><em>;</em></span> <span class='ocrx_word' id='word_1_173' title='bbox 504 1621 535 1648; x_wconf 82' lang='lat' dir='ltr'><strong>et</strong></span> <span class='ocrx_word' id='word_1_174' title='bbox 550 1620 610 1649; x_wconf 78' lang='lat' dir='ltr'><strong>nisi</strong></span> <span class='ocrx_word' id='word_1_175' title='bbox 625 1621 807 1658; x_wconf 80' lang='lat' dir='ltr'><strong>reddantur,</strong></span> <span class='ocrx_word' id='word_1_176' title='bbox 836 1622 971 1653; x_wconf 84' lang='lat' dir='ltr'><strong>intentat</strong></span> <span class='ocrx_word' id='word_1_177' title='bbox 994 1622 1116 1652; x_wconf 85' lang='lat' dir='ltr'><strong>bellum.</strong></span> <span class='ocrx_word' id='word_1_178' title='bbox 1164 1622 1272 1652; x_wconf 75' lang='lat' dir='ltr'><strong>Pietas</strong></span> <span class='ocrx_word' id='word_1_179' title='bbox 1289 1625 1431 1661; x_wconf 78' lang='lat' dir='ltr'><strong>superata</strong></span> <span class='ocrx_word' id='word_1_180' title='bbox 1442 1631 1557 1662; x_wconf 82' lang='lat' dir='ltr'><strong>pavore</strong></span> <span class='ocrx_word' id='word_1_181' title='bbox 1571 1620 1650 1659; x_wconf 76' lang='lat' dir='ltr'><strong>obje-</strong></span> 
     </span>
     <span class='ocr_line' id='line_1_23' title="bbox 189 1661 1651 1702; baseline 0.003 -14"><span class='ocrx_word' id='word_1_182' title='bbox 189 1661 232 1688; x_wconf 72' lang='grc' dir='ltr'><strong>οτι</strong></span> <span class='ocrx_word' id='word_1_183' title='bbox 247 1668 365 1690; x_wconf 84' lang='lat' dir='ltr'><strong>sorores</strong></span> <span class='ocrx_word' id='word_1_184' title='bbox 385 1670 482 1699; x_wconf 82' lang='lat' dir='ltr'><strong>poenoe</strong></span> <span class='ocrx_word' id='word_1_185' title='bbox 493 1671 504 1690; x_wconf 85' lang='grc'><strong>.-</strong></span> <span class='ocrx_word' id='word_1_186' title='bbox 527 1664 630 1700; x_wconf 82' lang='lat' dir='ltr'><strong>atqne,</strong></span> <span class='ocrx_word' id='word_1_187' title='bbox 647 1664 682 1691; x_wconf 80' lang='lat' dir='ltr'><strong>ut</strong></span> <span class='ocrx_word' id='word_1_188' title='bbox 705 1662 804 1701; x_wconf 79' lang='lat' dir='ltr'><strong>possis</strong></span> <span class='ocrx_word' id='word_1_189' title='bbox 829 1663 949 1692; x_wconf 75' lang='lat' dir='ltr'><strong>veniam</strong></span> <span class='ocrx_word' id='word_1_190' title='bbox 971 1665 1046 1693; x_wconf 83' lang='lat' dir='ltr'><strong>dare</strong></span> <span class='ocrx_word' id='word_1_191' title='bbox 1054 1663 1157 1700; x_wconf 79' lang='lat' dir='ltr'><strong>fratri</strong></span> <span class='ocrx_word' id='word_1_192' title='bbox 1169 1664 1293 1702; x_wconf 76' lang='lat' dir='ltr'><strong>pavido,</strong></span> <span class='ocrx_word' id='word_1_193' title='bbox 1308 1673 1367 1693; x_wconf 82' lang='lat' dir='ltr'><strong>non</strong></span> <span class='ocrx_word' id='word_1_194' title='bbox 1381 1664 1426 1693; x_wconf 77' lang='lat' dir='ltr'><strong>ibi</strong></span> <span class='ocrx_word' id='word_1_195' title='bbox 1438 1666 1505 1694; x_wconf 75' lang='lat' dir='ltr'><strong>erat</strong></span> <span class='ocrx_word' id='word_1_196' title='bbox 1521 1664 1651 1702; x_wconf 84' lang='lat' dir='ltr'><strong>AEneas‚</strong></span> 
     </span>
     <span class='ocr_line' id='line_1_24' title="bbox 189 1702 1648 1745; baseline 0.002 -13"><span class='ocrx_word' id='word_1_197' title='bbox 189 1710 249 1732; x_wconf 83' lang='lat' dir='ltr'><strong>non</strong></span> <span class='ocrx_word' id='word_1_198' title='bbox 267 1703 398 1739; x_wconf 82' lang='lat' dir='ltr'><strong>Hector,</strong></span> <span class='ocrx_word' id='word_1_199' title='bbox 410 1711 465 1741; x_wconf 86' lang='lat' dir='ltr'><strong>per</strong></span> <span class='ocrx_word' id='word_1_200' title='bbox 480 1712 552 1742; x_wconf 75' lang='lat' dir='ltr'><strong>qnos</strong></span> <span class='ocrx_word' id='word_1_201' title='bbox 565 1702 724 1733; x_wconf 77' lang='lat' dir='ltr'><strong>mansistis</strong></span> <span class='ocrx_word' id='word_1_202' title='bbox 739 1704 771 1734; x_wconf 85' lang='grc' dir='ltr'><strong>ἰη</strong></span> <span class='ocrx_word' id='word_1_203' title='bbox 787 1714 900 1735; x_wconf 76' lang='lat' dir='ltr'><strong>amium</strong></span> <span class='ocrx_word' id='word_1_204' title='bbox 915 1704 1076 1745; x_wconf 76' lang='lat' dir='ltr'><strong>decimum,</strong></span> <span class='ocrx_word' id='word_1_205' title='bbox 1094 1705 1145 1744; x_wconf 76' lang='lat' dir='ltr'><strong>qui</strong></span> <span class='ocrx_word' id='word_1_206' title='bbox 1158 1708 1259 1744; x_wconf 81' lang='lat' dir='ltr'><strong>posset</strong></span> <span class='ocrx_word' id='word_1_207' title='bbox 1275 1705 1358 1734; x_wconf 76' lang='lat' dir='ltr'><strong>tueri</strong></span> <span class='ocrx_word' id='word_1_208' title='bbox 1372 1705 1511 1736; x_wconf 79' lang='lat' dir='ltr'><strong>Andron.</strong></span> <span class='ocrx_word' id='word_1_209' title='bbox 1556 1705 1648 1735; x_wconf 83' lang='lat' dir='ltr'><strong>Jam-</strong></span> 
     </span>
    </p>
   </div>
   <div class='ocr_carea' id='block_1_4' title="bbox 806 1794 1040 1806">
    <p class='ocr_par' dir='ltr' id='par_1_13' title="bbox 806 1794 1040 1806">
     <span class='ocr_line' id='line_1_25' title="bbox 806 1794 1040 1806; baseline -0.004 -1"><span class='ocrx_word' id='word_1_210' title='bbox 806 1794 1040 1806; x_wconf 64' lang='lat' dir='ltr'><strong>aeaeaeaeaeaeaeaeaeaeaeae</strong></span> 
     </span>
    </p>
   </div>
   <div class='ocr_carea' id='block_1_5' title="bbox 189 1847 1652 2228">
    <p class='ocr_par' dir='ltr' id='par_1_14' title="bbox 189 1847 1652 2228">
     <span class='ocr_line' id='line_1_26' title="bbox 189 1847 1648 1888; baseline 0 -8"><span class='ocrx_word' id='word_1_211' title='bbox 189 1852 252 1881; x_wconf 82' lang='lat'><strong>653</strong></span> <span class='ocrx_word' id='word_1_212' title='bbox 277 1847 383 1879; x_wconf 83' lang='lat' dir='ltr'><strong>Gron.</strong></span> <span class='ocrx_word' id='word_1_213' title='bbox 409 1851 445 1878; x_wconf 88' lang='lat' dir='ltr'><strong>et</strong></span> <span class='ocrx_word' id='word_1_214' title='bbox 470 1851 602 1887; x_wconf 85' lang='lat' dir='ltr'><strong>septem</strong></span> <span class='ocrx_word' id='word_1_215' title='bbox 629 1848 684 1878; x_wconf 87' lang='lat' dir='ltr'><strong>alii</strong></span> <span class='ocrx_word' id='word_1_216' title='bbox 711 1851 828 1887; x_wconf 77' lang='lat' dir='ltr'><strong>segetes</strong></span> <span class='ocrx_word' id='word_1_217' title='bbox 855 1848 989 1887; x_wconf 80' lang='lat' dir='ltr'><strong>laticesq.</strong></span> <span class='ocrx_word' id='word_1_218' title='bbox 1014 1847 1149 1888; x_wconf 82' lang='lat' dir='ltr'><strong>plurimi</strong></span> <span class='ocrx_word' id='word_1_219' title='bbox 1173 1852 1307 1887; x_wconf 81' lang='lat' dir='ltr'><strong>segetem</strong></span> <span class='ocrx_word' id='word_1_220' title='bbox 1332 1848 1470 1888; x_wconf 84' lang='lat' dir='ltr'><strong>laticesq.</strong></span> <span class='ocrx_word' id='word_1_221' title='bbox 1506 1848 1586 1880; x_wconf 83' lang='lat' dir='ltr'><strong>Pat.</strong></span> <span class='ocrx_word' id='word_1_222' title='bbox 1610 1852 1648 1880; x_wconf 87' lang='lat' dir='ltr'><strong>et</strong></span> 
     </span>
     <span class='ocr_line' id='line_1_27' title="bbox 190 1890 1649 1931; baseline 0.001 -10"><span class='ocrx_word' id='word_1_223' title='bbox 190 1892 280 1922; x_wconf 85' lang='lat' dir='ltr'><strong>Mor.</strong></span> <span class='ocrx_word' id='word_1_224' title='bbox 316 1890 471 1930; x_wconf 79' lang='lat' dir='ltr'><strong>laticemq.</strong></span> <span class='ocrx_word' id='word_1_225' title='bbox 506 1900 634 1921; x_wconf 76' lang='lat' dir='ltr'><strong>merum.</strong></span> <span class='ocrx_word' id='word_1_226' title='bbox 681 1891 818 1922; x_wconf 83' lang='lat' dir='ltr'><strong>Deinde</strong></span> <span class='ocrx_word' id='word_1_227' title='bbox 847 1891 997 1921; x_wconf 82' lang='lat' dir='ltr'><strong>nonnulli</strong></span> <span class='ocrx_word' id='word_1_228' title='bbox 1028 1890 1083 1921; x_wconf 81' lang='lat' dir='ltr'><strong>alii</strong></span> <span class='ocrx_word' id='word_1_229' title='bbox 1115 1900 1255 1931; x_wconf 83' lang='lat' dir='ltr'><strong>canaeque</strong></span> <span class='ocrx_word' id='word_1_230' title='bbox 1287 1891 1532 1922; x_wconf 84' lang='lat' dir='ltr'><strong>Minerv.-—658</strong></span> <span class='ocrx_word' id='word_1_231' title='bbox 1557 1891 1649 1923; x_wconf 83' lang='lat' dir='ltr'><strong>Mor.</strong></span> 
     </span>
     <span class='ocr_line' id='line_1_28' title="bbox 191 1932 1650 1973; baseline 0.001 -10"><span class='ocrx_word' id='word_1_232' title='bbox 191 1932 329 1964; x_wconf 76' lang='lat' dir='ltr'><strong>Abstulit</strong></span> <span class='ocrx_word' id='word_1_233' title='bbox 351 1932 551 1963; x_wconf 79' lang='lat' dir='ltr'><strong>invit.—659</strong></span> <span class='ocrx_word' id='word_1_234' title='bbox 575 1933 651 1963; x_wconf 88' lang='lat' dir='ltr'><strong>Duo</strong></span> <span class='ocrx_word' id='word_1_235' title='bbox 667 1933 771 1963; x_wconf 79' lang='lat' dir='ltr'><strong>divino</strong></span> <span class='ocrx_word' id='word_1_236' title='bbox 794 1942 876 1963; x_wconf 82' lang='lat' dir='ltr'><strong>mun.</strong></span> <span class='ocrx_word' id='word_1_237' title='bbox 921 1932 1017 1963; x_wconf 86' lang='lat' dir='ltr'><strong>Unus</strong></span> <span class='ocrx_word' id='word_1_238' title='bbox 1044 1934 1177 1965; x_wconf 80' lang='lat' dir='ltr'><strong>numine.</strong></span> <span class='ocrx_word' id='word_1_239' title='bbox 1207 1934 1343 1964; x_wconf 84' lang='lat' dir='ltr'><strong>Classem</strong></span> <span class='ocrx_word' id='word_1_240' title='bbox 1373 1943 1415 1964; x_wconf 90' lang='lat' dir='ltr'><strong>ex</strong></span> <span class='ocrx_word' id='word_1_241' title='bbox 1431 1933 1650 1973; x_wconf 82' lang='lat' dir='ltr'><strong>melioi·ibus;</strong></span> 
     </span>
     <span class='ocr_line' id='line_1_29' title="bbox 192 1975 1649 2016; baseline 0.001 -10"><span class='ocrx_word' id='word_1_242' title='bbox 192 1977 282 2016; x_wconf 85' lang='lat' dir='ltr'><strong>vulg.</strong></span> <span class='ocrx_word' id='word_1_243' title='bbox 311 1978 555 2014; x_wconf 68' lang='lat' dir='ltr'><strong>gentem—660</strong></span> <span class='ocrx_word' id='word_1_244' title='bbox 580 1976 668 2006; x_wconf 80' lang='lat' dir='ltr'><strong>Mor.</strong></span> <span class='ocrx_word' id='word_1_245' title='bbox 696 1980 731 2006; x_wconf 89' lang='lat' dir='ltr'><strong>et</strong></span> <span class='ocrx_word' id='word_1_246' title='bbox 748 1977 896 2016; x_wconf 86' lang='lat' dir='ltr'><strong>quinque</strong></span> <span class='ocrx_word' id='word_1_247' title='bbox 923 1975 980 2006; x_wconf 84' lang='lat' dir='ltr'><strong>alii</strong></span> <span class='ocrx_word' id='word_1_248' title='bbox 1007 1975 1125 2006; x_wconf 79' lang='lat' dir='ltr'><strong>Euboea</strong></span> <span class='ocrx_word' id='word_1_249' title='bbox 1140 1976 1371 2007; x_wconf 58' lang='lat' dir='ltr'><strong>duobus—661</strong></span> <span class='ocrx_word' id='word_1_250' title='bbox 1396 1976 1516 2007; x_wconf 81' lang='lat' dir='ltr'><strong>Heius.</strong></span> <span class='ocrx_word' id='word_1_251' title='bbox 1547 1976 1649 2008; x_wconf 86' lang='lat' dir='ltr'><strong>male·</strong></span> 
     </span>
     <span class='ocr_line' id='line_1_30' title="bbox 190 2017 1647 2058; baseline 0 -8"><span class='ocrx_word' id='word_1_252' title='bbox 190 2019 249 2050; x_wconf 87' lang='lat' dir='ltr'><strong>bat</strong></span> <span class='ocrx_word' id='word_1_253' title='bbox 285 2017 486 2058; x_wconf 78' lang='lat' dir='ltr'><strong>Natabusque</strong></span> <span class='ocrx_word' id='word_1_254' title='bbox 520 2018 643 2049; x_wconf 79' lang='lat' dir='ltr'><strong>Andros</strong></span> <span class='ocrx_word' id='word_1_255' title='bbox 682 2019 811 2049; x_wconf 74' lang='lat' dir='ltr'><strong>totidem</strong></span> <span class='ocrx_word' id='word_1_256' title='bbox 833 2018 916 2056; x_wconf 80' lang='lat' dir='ltr'><strong>frat.</strong></span> <span class='ocrx_word' id='word_1_257' title='bbox 962 2018 1106 2050; x_wconf 82' lang='lat' dir='ltr'><strong>Quidam</strong></span> <span class='ocrx_word' id='word_1_258' title='bbox 1140 2019 1242 2058; x_wconf 79' lang='lat' dir='ltr'><strong>potita</strong></span> <span class='ocrx_word' id='word_1_259' title='bbox 1266 2021 1435 2049; x_wconf 57' lang='lat' dir='ltr'><strong>est—662</strong></span> <span class='ocrx_word' id='word_1_260' title='bbox 1458 2017 1545 2049; x_wconf 83' lang='lat' dir='ltr'><strong>Fere</strong></span> <span class='ocrx_word' id='word_1_261' title='bbox 1576 2028 1647 2050; x_wconf 87' lang='lat' dir='ltr'><strong>om-</strong></span> 
     </span>
     <span class='ocr_line' id='line_1_31' title="bbox 190 2060 1652 2092; baseline 0.001 -1"><span class='ocrx_word' id='word_1_262' title='bbox 190 2070 249 2092; x_wconf 91' lang='lat' dir='ltr'><strong>nes</strong></span> <span class='ocrx_word' id='word_1_263' title='bbox 265 2060 298 2091; x_wconf 85' lang='lat' dir='ltr'><strong>ni</strong></span> <span class='ocrx_word' id='word_1_264' title='bbox 313 2061 492 2091; x_wconf 79' lang='lat' dir='ltr'><strong>reddantur.</strong></span> <span class='ocrx_word' id='word_1_265' title='bbox 538 2061 616 2092; x_wconf 84' lang='lat' dir='ltr'><strong>Jun.</strong></span> <span class='ocrx_word' id='word_1_266' title='bbox 640 2061 743 2091; x_wconf 84' lang='lat' dir='ltr'><strong>etiam</strong></span> <span class='ocrx_word' id='word_1_267' title='bbox 764 2062 833 2092; x_wconf 85' lang='lat' dir='ltr'><strong>bell.</strong></span> <span class='ocrx_word' id='word_1_268' title='bbox 851 2061 1126 2092; x_wconf 53' lang='lat' dir='ltr'><strong>minantum—663</strong></span> <span class='ocrx_word' id='word_1_269' title='bbox 1145 2062 1234 2091; x_wconf 87' lang='lat' dir='ltr'><strong>Ante</strong></span> <span class='ocrx_word' id='word_1_270' title='bbox 1251 2061 1372 2092; x_wconf 84' lang='lat' dir='ltr'><strong>Heius.</strong></span> <span class='ocrx_word' id='word_1_271' title='bbox 1399 2061 1566 2092; x_wconf 88' lang='lat' dir='ltr'><strong>edebatur</strong></span> <span class='ocrx_word' id='word_1_272' title='bbox 1582 2071 1652 2092; x_wconf 80' lang='lat' dir='ltr'><strong>con-</strong></span> 
     </span>
     <span class='ocr_line' id='line_1_32' title="bbox 191 2102 1647 2143; baseline 0.001 -10"><span class='ocrx_word' id='word_1_273' title='bbox 191 2107 265 2134; x_wconf 86' lang='lat' dir='ltr'><strong>sort.</strong></span> <span class='ocrx_word' id='word_1_274' title='bbox 289 2106 534 2143; x_wconf 57' lang='lat' dir='ltr'><strong>corpora—664</strong></span> <span class='ocrx_word' id='word_1_275' title='bbox 559 2104 679 2139; x_wconf 50' lang='lat' dir='ltr'><strong>Dedin</strong></span> <span class='ocrx_word' id='word_1_276' title='bbox 706 2107 735 2134; x_wconf 81' lang='lat' dir='ltr'><strong>et</strong></span> <span class='ocrx_word' id='word_1_277' title='bbox 761 2107 793 2134; x_wconf 83' lang='lat' dir='ltr'><strong>ut</strong></span> <span class='ocrx_word' id='word_1_278' title='bbox 813 2107 866 2134; x_wconf 86' lang='lat' dir='ltr'><strong>est</strong></span> <span class='ocrx_word' id='word_1_279' title='bbox 897 2112 938 2132; x_wconf 82' lang='lat' dir='ltr'><strong>ex</strong></span> <span class='ocrx_word' id='word_1_280' title='bbox 965 2102 1083 2134; x_wconf 86' lang='lat' dir='ltr'><strong>Heius.</strong></span> <span class='ocrx_word' id='word_1_281' title='bbox 1111 2103 1242 2134; x_wconf 88' lang='lat' dir='ltr'><strong>emend.</strong></span> <span class='ocrx_word' id='word_1_282' title='bbox 1266 2105 1356 2143; x_wconf 84' lang='lat' dir='ltr'><strong>vulg.</strong></span> <span class='ocrx_word' id='word_1_283' title='bbox 1380 2103 1513 2134; x_wconf 75' lang='lat' dir='ltr'><strong>Dedidit</strong></span> <span class='ocrx_word' id='word_1_284' title='bbox 1528 2106 1575 2134; x_wconf 87' lang='lat' dir='ltr'><strong>et:</strong></span> <span class='ocrx_word' id='word_1_285' title='bbox 1600 2104 1647 2134; x_wconf 88' lang='lat' dir='ltr'><strong>N.</strong></span> 
     </span>
     <span class='ocr_line' id='line_1_33' title="bbox 191 2145 1648 2185; baseline 0.001 -9"><span class='ocrx_word' id='word_1_286' title='bbox 191 2146 292 2176; x_wconf 71' lang='lat' dir='ltr'><strong>Dedit</strong></span> <span class='ocrx_word' id='word_1_287' title='bbox 307 2149 358 2177; x_wconf 87' lang='lat' dir='ltr'><strong>et:</strong></span> <span class='ocrx_word' id='word_1_288' title='bbox 382 2147 479 2176; x_wconf 87' lang='lat' dir='ltr'><strong>multi</strong></span> <span class='ocrx_word' id='word_1_289' title='bbox 496 2146 597 2176; x_wconf 83' lang='lat' dir='ltr'><strong>etiam</strong></span> <span class='ocrx_word' id='word_1_290' title='bbox 627 2146 795 2181; x_wconf 79' lang='lat' dir='ltr'><strong>Tradidit,-</strong></span> <span class='ocrx_word' id='word_1_291' title='bbox 819 2146 876 2176; x_wconf 78' lang='lat' dir='ltr'><strong>alii</strong></span> <span class='ocrx_word' id='word_1_292' title='bbox 901 2146 1065 2185; x_wconf 66' lang='lat' dir='ltr'><strong>Reddidit,</strong></span> <span class='ocrx_word' id='word_1_293' title='bbox 1088 2147 1141 2176; x_wconf 89' lang='lat' dir='ltr'><strong>vel</strong></span> <span class='ocrx_word' id='word_1_294' title='bbox 1159 2147 1282 2176; x_wconf 82' lang='lat' dir='ltr'><strong>Edidit.</strong></span> <span class='ocrx_word' id='word_1_295' title='bbox 1328 2146 1435 2176; x_wconf 83' lang='lat' dir='ltr'><strong>Possis</strong></span> <span class='ocrx_word' id='word_1_296' title='bbox 1450 2145 1547 2175; x_wconf 83' lang='lat' dir='ltr'><strong>multi</strong></span> <span class='ocrx_word' id='word_1_297' title='bbox 1564 2149 1648 2177; x_wconf 86' lang='lat' dir='ltr'><strong>vett.</strong></span> 
     </span>
     <span class='ocr_line' id='line_1_34' title="bbox 191 2187 1647 2228; baseline 0 -10"><span class='ocrx_word' id='word_1_298' title='bbox 191 2188 280 2228; x_wconf 83' lang='lat' dir='ltr'><strong>vulg.</strong></span> <span class='ocrx_word' id='word_1_299' title='bbox 291 2191 515 2227; x_wconf 83' lang='lat' dir='ltr'><strong>posses.—666</strong></span> <span class='ocrx_word' id='word_1_300' title='bbox 539 2189 617 2219; x_wconf 79' lang='lat' dir='ltr'><strong>Bas.</strong></span> <span class='ocrx_word' id='word_1_301' title='bbox 634 2189 708 2220; x_wconf 84' lang='lat' dir='ltr'><strong>Pal.</strong></span> <span class='ocrx_word' id='word_1_302' title='bbox 725 2193 760 2219; x_wconf 84' lang='lat' dir='ltr'><strong>et</strong></span> <span class='ocrx_word' id='word_1_303' title='bbox 776 2189 842 2220; x_wconf 85' lang='lat' dir='ltr'><strong>duo</strong></span> <span class='ocrx_word' id='word_1_304' title='bbox 859 2188 915 2219; x_wconf 80' lang='lat' dir='ltr'><strong>alii</strong></span> <span class='ocrx_word' id='word_1_305' title='bbox 931 2189 993 2219; x_wconf 83' lang='lat' dir='ltr'><strong>dec.</strong></span> <span class='ocrx_word' id='word_1_306' title='bbox 1009 2198 1065 2228; x_wconf 78' lang='lat' dir='ltr'><strong>pei·</strong></span> <span class='ocrx_word' id='word_1_307' title='bbox 1080 2198 1165 2228; x_wconf 82' lang='lat' dir='ltr'><strong>quos.</strong></span> <span class='ocrx_word' id='word_1_308' title='bbox 1189 2189 1328 2227; x_wconf 85' lang='lat' dir='ltr'><strong>Septem</strong></span> <span class='ocrx_word' id='word_1_309' title='bbox 1344 2187 1420 2218; x_wconf 82' lang='lat' dir='ltr'><strong>libri</strong></span> <span class='ocrx_word' id='word_1_310' title='bbox 1433 2197 1489 2227; x_wconf 80' lang='lat' dir='ltr'><strong>per</strong></span> <span class='ocrx_word' id='word_1_311' title='bbox 1504 2197 1647 2228; x_wconf 65' lang='lat' dir='ltr'><strong>quem—-</strong></span> 
     </span>
    </p>
   </div>
   <div class='ocr_carea' id='block_1_6' title="bbox 191 2273 1648 2487">
    <p class='ocr_par' dir='ltr' id='par_1_15' title="bbox 191 2273 1648 2487">
     <span class='ocr_line' id='line_1_35' title="bbox 850 2273 994 2304; baseline -0.014 0"><span class='ocrx_word' id='word_1_312' title='bbox 850 2273 994 2304; x_wconf 83' lang='lat' dir='ltr'>NOTAE</span> 
     </span>
     <span class='ocr_line' id='line_1_36' title="bbox 233 2345 1648 2388; baseline 0.001 -11"><span class='ocrx_word' id='word_1_313' title='bbox 233 2349 296 2377; x_wconf 82' lang='lat'><strong>653</strong></span> <span class='ocrx_word' id='word_1_314' title='bbox 321 2346 471 2386; x_wconf 66' lang='lat' dir='ltr'><strong>Bac-cam]</strong></span> <span class='ocrx_word' id='word_1_315' title='bbox 519 2346 654 2377; x_wconf 84' lang='lat' dir='ltr'><strong>Olivam</strong></span> <span class='ocrx_word' id='word_1_316' title='bbox 685 2346 789 2384; x_wconf 77' lang='lat' dir='ltr'><strong>dicit3</strong></span> <span class='ocrx_word' id='word_1_317' title='bbox 827 2346 890 2376; x_wconf 82' lang='lat' dir='ltr'><strong>Mi-</strong></span> <span class='ocrx_word' id='word_1_318' title='bbox 989 2349 1049 2377; x_wconf 85' lang='lat'><strong>655</strong></span> <span class='ocrx_word' id='word_1_319' title='bbox 1074 2345 1219 2386; x_wconf 74' lang='lat' dir='ltr'><strong>Atrides]</strong></span> <span class='ocrx_word' id='word_1_320' title='bbox 1270 2346 1516 2388; x_wconf 82' lang='lat' dir='ltr'><strong>Agamemnon,</strong></span> <span class='ocrx_word' id='word_1_321' title='bbox 1545 2346 1648 2380; x_wconf 81' lang='lat' dir='ltr'><strong>Atrei</strong></span> 
     </span>
     <span class='ocr_line' id='line_1_37' title="bbox 191 2395 1645 2441; baseline -0.003 -12"><span class='ocrx_word' id='word_1_322' title='bbox 191 2406 306 2430; x_wconf 83' lang='lat' dir='ltr'><strong>nervae</strong></span> <span class='ocrx_word' id='word_1_323' title='bbox 333 2396 410 2427; x_wconf 87' lang='lat' dir='ltr'><strong>ideo</strong></span> <span class='ocrx_word' id='word_1_324' title='bbox 427 2406 557 2427; x_wconf 78' lang='lat' dir='ltr'><strong>sacram</strong></span> <span class='ocrx_word' id='word_1_325' title='bbox 583 2396 670 2437; x_wconf 83' lang='lat' dir='ltr'><strong>quod</strong></span> <span class='ocrx_word' id='word_1_326' title='bbox 696 2396 817 2427; x_wconf 80' lang='lat' dir='ltr'><strong>olivam</strong></span> <span class='ocrx_word' id='word_1_327' title='bbox 842 2405 892 2426; x_wconf 85' lang='lat' dir='ltr'><strong>ar·</strong></span> <span class='ocrx_word' id='word_1_328' title='bbox 947 2395 1045 2426; x_wconf 84' lang='lat' dir='ltr'><strong>filius.</strong></span> <span class='ocrx_word' id='word_1_329' title='bbox 1641 2432 1645 2441; x_wconf 38' lang='grc' dir='ltr'><strong>ι</strong></span> 
     </span>
     <span class='ocr_line' id='line_1_38' title="bbox 194 2446 1646 2487; baseline 0 -9"><span class='ocrx_word' id='word_1_330' title='bbox 194 2447 427 2487; x_wconf 80' lang='lat' dir='ltr'><strong>borem‚liasta</strong></span> <span class='ocrx_word' id='word_1_331' title='bbox 440 2448 472 2477; x_wconf 91' lang='lat' dir='ltr'><strong>in</strong></span> <span class='ocrx_word' id='word_1_332' title='bbox 488 2451 611 2477; x_wconf 79' lang='lat' dir='ltr'><strong>terram</strong></span> <span class='ocrx_word' id='word_1_333' title='bbox 625 2448 785 2486; x_wconf 80' lang='lat' dir='ltr'><strong>impacta,</strong></span> <span class='ocrx_word' id='word_1_334' title='bbox 800 2447 891 2486; x_wconf 77' lang='lat' dir='ltr'><strong>pacis</strong></span> <span class='ocrx_word' id='word_1_335' title='bbox 989 2449 1051 2477; x_wconf 83' lang='lat'><strong>660</strong></span> <span class='ocrx_word' id='word_1_336' title='bbox 1077 2447 1206 2487; x_wconf 78' lang='lat' dir='ltr'><strong>Enboea]</strong></span> <span class='ocrx_word' id='word_1_337' title='bbox 1231 2448 1315 2479; x_wconf 79' lang='lat' dir='ltr'><strong>Quae</strong></span> <span class='ocrx_word' id='word_1_338' title='bbox 1339 2446 1450 2477; x_wconf 84' lang='lat' dir='ltr'><strong>insula</strong></span> <span class='ocrx_word' id='word_1_339' title='bbox 1470 2449 1522 2478; x_wconf 85' lang='lat' dir='ltr'><strong>est</strong></span> <span class='ocrx_word' id='word_1_340' title='bbox 1541 2448 1646 2478; x_wconf 82' lang='lat' dir='ltr'><strong>maxi·</strong></span> 
     </span>
    </p>
   </div>
   <div class='ocr_carea' id='block_1_7' title="bbox 191 2497 1648 2888">
    <p class='ocr_par' dir='ltr' id='par_1_16' title="bbox 191 2497 1648 2639">
     <span class='ocr_line' id='line_1_39' title="bbox 191 2497 1647 2537; baseline -0.001 -8"><span class='ocrx_word' id='word_1_341' title='bbox 191 2498 325 2537; x_wconf 85' lang='lat' dir='ltr'><strong>insigne</strong></span> <span class='ocrx_word' id='word_1_342' title='bbox 350 2498 564 2537; x_wconf 79' lang='lat' dir='ltr'><strong>produxerit,</strong></span> <span class='ocrx_word' id='word_1_343' title='bbox 590 2508 664 2527; x_wconf 83' lang='lat' dir='ltr'><strong>cum</strong></span> <span class='ocrx_word' id='word_1_344' title='bbox 693 2497 734 2527; x_wconf 85' lang='lat' dir='ltr'><strong>de</strong></span> <span class='ocrx_word' id='word_1_345' title='bbox 758 2497 890 2528; x_wconf 85' lang='lat' dir='ltr'><strong>nomine</strong></span> <span class='ocrx_word' id='word_1_346' title='bbox 945 2507 1000 2528; x_wconf 84' lang='lat' dir='ltr'><strong>ma</strong></span> <span class='ocrx_word' id='word_1_347' title='bbox 1015 2498 1115 2528; x_wconf 82' lang='lat' dir='ltr'><strong>maris</strong></span> <span class='ocrx_word' id='word_1_348' title='bbox 1130 2498 1250 2537; x_wconf 79' lang='lat' dir='ltr'><strong>AEgaei,</strong></span> <span class='ocrx_word' id='word_1_349' title='bbox 1264 2507 1282 2527; x_wconf 84' lang='lat' dir='ltr'><strong>a</strong></span> <span class='ocrx_word' id='word_1_350' title='bbox 1299 2497 1433 2528; x_wconf 79' lang='lat' dir='ltr'><strong>Boeotia</strong></span> <span class='ocrx_word' id='word_1_351' title='bbox 1449 2497 1576 2537; x_wconf 90' lang='lat' dir='ltr'><strong>Euripo</strong></span> <span class='ocrx_word' id='word_1_352' title='bbox 1588 2498 1647 2528; x_wconf 84' lang='lat' dir='ltr'><strong>ad-</strong></span> 
     </span>
     <span class='ocr_line' id='line_1_40' title="bbox 192 2546 1648 2588; baseline -0.001 -9"><span class='ocrx_word' id='word_1_353' title='bbox 192 2548 549 2588; x_wconf 79' lang='lat' dir='ltr'><strong>Athenisimponendo</strong></span> <span class='ocrx_word' id='word_1_354' title='bbox 563 2548 737 2578; x_wconf 73' lang='lat' dir='ltr'><strong>inteream</strong></span> <span class='ocrx_word' id='word_1_355' title='bbox 753 2552 787 2578; x_wconf 89' lang='lat' dir='ltr'><strong>et</strong></span> <span class='ocrx_word' id='word_1_356' title='bbox 799 2548 891 2587; x_wconf 83' lang='lat' dir='ltr'><strong>Nep·</strong></span> <span class='ocrx_word' id='word_1_357' title='bbox 947 2547 1081 2578; x_wconf 82' lang='lat' dir='ltr'><strong>modum</strong></span> <span class='ocrx_word' id='word_1_358' title='bbox 1099 2552 1240 2587; x_wconf 75' lang='lat' dir='ltr'><strong>angusto</strong></span> <span class='ocrx_word' id='word_1_359' title='bbox 1255 2547 1409 2577; x_wconf 71' lang='lat' dir='ltr'><strong>din-emta.</strong></span> <span class='ocrx_word' id='word_1_360' title='bbox 1446 2546 1560 2578; x_wconf 86' lang='lat' dir='ltr'><strong>Hodie</strong></span> <span class='ocrx_word' id='word_1_361' title='bbox 1581 2546 1648 2578; x_wconf 76' lang='grc' dir='ltr'><strong>Νέ-</strong></span> 
     </span>
     <span class='ocr_line' id='line_1_41' title="bbox 193 2602 1089 2639; baseline -0.003 -7"><span class='ocrx_word' id='word_1_362' title='bbox 193 2606 312 2632; x_wconf 87' lang='lat' dir='ltr'><strong>tunum</strong></span> <span class='ocrx_word' id='word_1_363' title='bbox 328 2605 497 2639; x_wconf 76' lang='lat' dir='ltr'><strong>ageretur.</strong></span> <span class='ocrx_word' id='word_1_364' title='bbox 944 2602 1089 2639; x_wconf 74' lang='lat' dir='ltr'><strong>grepont.</strong></span> 
     </span>
    </p>

    <p class='ocr_par' dir='ltr' id='par_1_17' title="bbox 191 2649 1646 2888">
     <span class='ocr_line' id='line_1_42' title="bbox 234 2649 1462 2689; baseline -0.002 -7"><span class='ocrx_word' id='word_1_365' title='bbox 234 2653 297 2682; x_wconf 80' lang='lat'><strong>654</strong></span> <span class='ocrx_word' id='word_1_366' title='bbox 323 2649 652 2688; x_wconf 78' lang='lat' dir='ltr'><strong>Transformabantur]</strong></span> <span class='ocrx_word' id='word_1_367' title='bbox 694 2649 779 2680; x_wconf 88' lang='lat' dir='ltr'><strong>Inde</strong></span> <span class='ocrx_word' id='word_1_368' title='bbox 810 2654 891 2679; x_wconf 80' lang='lat' dir='ltr'><strong>nata</strong></span> <span class='ocrx_word' id='word_1_369' title='bbox 990 2653 1046 2680; x_wconf 76' lang='grc'><strong>661</strong></span> <span class='ocrx_word' id='word_1_370' title='bbox 1078 2650 1188 2689; x_wconf 79' lang='lat' dir='ltr'><strong>Natis]</strong></span> <span class='ocrx_word' id='word_1_371' title='bbox 1210 2649 1277 2679; x_wconf 78' lang='lat' dir='ltr'><strong>Pro</strong></span> <span class='ocrx_word' id='word_1_372' title='bbox 1295 2649 1462 2680; x_wconf 81' lang='lat' dir='ltr'><strong>Natabus.</strong></span> 
     </span>
     <span class='ocr_line' id='line_1_43' title="bbox 191 2698 1646 2741; baseline -0.001 -9"><span class='ocrx_word' id='word_1_373' title='bbox 191 2701 322 2739; x_wconf 82' lang='lat' dir='ltr'><strong>fabula,</strong></span> <span class='ocrx_word' id='word_1_374' title='bbox 348 2700 435 2741; x_wconf 80' lang='lat' dir='ltr'><strong>quod</strong></span> <span class='ocrx_word' id='word_1_375' title='bbox 463 2700 535 2740; x_wconf 69' lang='lat' dir='ltr'><strong>ejus</strong></span> <span class='ocrx_word' id='word_1_376' title='bbox 564 2700 697 2739; x_wconf 74' lang='lat' dir='ltr'><strong>generis</strong></span> <span class='ocrx_word' id='word_1_377' title='bbox 722 2699 892 2731; x_wconf 83' lang='lat' dir='ltr'><strong>fructuum</strong></span> <span class='ocrx_word' id='word_1_378' title='bbox 987 2702 1049 2729; x_wconf 74' lang='lat'><strong>603</strong></span> <span class='ocrx_word' id='word_1_379' title='bbox 1075 2699 1193 2741; x_wconf 80' lang='lat' dir='ltr'><strong>Poenoe]</strong></span> <span class='ocrx_word' id='word_1_380' title='bbox 1216 2698 1461 2738; x_wconf 81' lang='lat' dir='ltr'><strong>Agamemnoni</strong></span> <span class='ocrx_word' id='word_1_381' title='bbox 1489 2699 1646 2740; x_wconf 75' lang='lat' dir='ltr'><strong>tradidit,</strong></span> 
     </span>
     <span class='ocr_line' id='line_1_44' title="bbox 193 2748 1645 2790; baseline 0 -9"><span class='ocrx_word' id='word_1_382' title='bbox 193 2751 261 2781; x_wconf 89' lang='lat' dir='ltr'><strong>vim</strong></span> <span class='ocrx_word' id='word_1_383' title='bbox 276 2759 430 2790; x_wconf 80' lang='lat' dir='ltr'><strong>magnam</strong></span> <span class='ocrx_word' id='word_1_384' title='bbox 448 2760 490 2780; x_wconf 78' lang='lat' dir='ltr'><strong>ex</strong></span> <span class='ocrx_word' id='word_1_385' title='bbox 512 2749 606 2780; x_wconf 85' lang='lat' dir='ltr'><strong>donis</strong></span> <span class='ocrx_word' id='word_1_386' title='bbox 628 2749 778 2790; x_wconf 87' lang='lat' dir='ltr'><strong>Apollini</strong></span> <span class='ocrx_word' id='word_1_387' title='bbox 802 2750 893 2780; x_wconf 85' lang='lat' dir='ltr'><strong>obla·</strong></span> <span class='ocrx_word' id='word_1_388' title='bbox 946 2754 983 2780; x_wconf 88' lang='lat' dir='ltr'><strong>ut</strong></span> <span class='ocrx_word' id='word_1_389' title='bbox 1010 2750 1051 2779; x_wconf 85' lang='lat' dir='ltr'><strong>de</strong></span> <span class='ocrx_word' id='word_1_390' title='bbox 1084 2750 1220 2790; x_wconf 86' lang='lat' dir='ltr'><strong>captiva</strong></span> <span class='ocrx_word' id='word_1_391' title='bbox 1254 2748 1383 2779; x_wconf 79' lang='lat' dir='ltr'><strong>faceret</strong></span> <span class='ocrx_word' id='word_1_392' title='bbox 1400 2749 1489 2790; x_wconf 89' lang='lat' dir='ltr'><strong>quod</strong></span> <span class='ocrx_word' id='word_1_393' title='bbox 1516 2750 1645 2789; x_wconf 82' lang='lat' dir='ltr'><strong>vellet;</strong></span> 
     </span>
     <span class='ocr_line' id='line_1_45' title="bbox 194 2799 1558 2842; baseline 0.001 -10"><span class='ocrx_word' id='word_1_394' title='bbox 194 2801 238 2833; x_wconf 79' lang='lat' dir='ltr'><strong>tis</strong></span> <span class='ocrx_word' id='word_1_395' title='bbox 266 2801 442 2841; x_wconf 82' lang='lat' dir='ltr'><strong>colligeret</strong></span> <span class='ocrx_word' id='word_1_396' title='bbox 469 2801 627 2831; x_wconf 82' lang='lat' dir='ltr'><strong>sacerdos</strong></span> <span class='ocrx_word' id='word_1_397' title='bbox 654 2800 782 2839; x_wconf 73' lang='lat' dir='ltr'><strong>Anius3</strong></span> <span class='ocrx_word' id='word_1_398' title='bbox 821 2800 894 2842; x_wconf 83' lang='lat' dir='ltr'><strong>ejus</strong></span> <span class='ocrx_word' id='word_1_399' title='bbox 947 2799 1110 2841; x_wconf 80' lang='lat' dir='ltr'><strong>siquidem</strong></span> <span class='ocrx_word' id='word_1_400' title='bbox 1127 2800 1157 2830; x_wconf 81' lang='lat' dir='ltr'><strong>ei</strong></span> <span class='ocrx_word' id='word_1_401' title='bbox 1176 2799 1330 2831; x_wconf 80' lang='lat' dir='ltr'><strong>resistere</strong></span> <span class='ocrx_word' id='word_1_402' title='bbox 1347 2809 1413 2831; x_wconf 90' lang='lat' dir='ltr'><strong>non</strong></span> <span class='ocrx_word' id='word_1_403' title='bbox 1430 2804 1558 2841; x_wconf 77' lang='lat' dir='ltr'><strong>posset.</strong></span> 
     </span>
     <span class='ocr_line' id='line_1_46' title="bbox 194 2851 518 2888; baseline -0.003 -3"><span class='ocrx_word' id='word_1_404' title='bbox 194 2851 273 2888; x_wconf 80' lang='lat' dir='ltr'><strong>filiae</strong></span> <span class='ocrx_word' id='word_1_405' title='bbox 292 2856 518 2884; x_wconf 80' lang='lat' dir='ltr'><strong>asservarent.</strong></span> 
     </span>
    </p>
   </div>
  </div>
 </body>
</html>
