1831 3023
537 236 1010 270 METAMORPHOSEON
1045 239 1142 271 mn.
1175 241 1267 272 xii.
1522 222 1635 276 1529

179 333 284 376 Hoc
304 335 451 390 ipsum
470 335 693 385 AEacides,
714 335 796 376 hoc
817 337 1084 378 mirabantur
1104 334 1281 378 Achivi.

177 400 288 442 Cum
308 404 372 443 sic
393 403 558 445 Nestor
577 402 660 443 ait:
692 401 855 443 Vestro
877 403 956 444 fuit
977 403 1131 444 unicus
1153 415 1252 444 aevo

176 467 431 510 Contemtor
450 470 564 520 ferri,
584 469 786 523 nulloque
808 469 1002 511 forabilis
1023 472 1110 511 ictu

177 534 367 588 Cycnus.
427 536 488 578 At
508 538 605 590 ipse
624 536 730 576 olim
751 538 991 588 patientem
1012 538 1193 579 vulnera
1214 538 1347 588 mille,

177 601 373 656 Corpore
394 617 479 646 non
500 605 624 655 laeso,
646 604 923 646 Perrhaebum
946 603 1111 645 Caenea
1131 606 1223 645 vidi
1241 619 1250 646 :

177 669 340 711 Caenea
358 671 655 722 Perrhaebum,
678 672 753 726 qui
774 671 902 712 factis
922 671 1112 726 inclytus
1133 670 1302 726 Othryn

179 735 395 779 Incoluit:
426 751 600 793 quoque
620 739 666 780 id
685 739 840 780 mirum
857 739 996 792 magis
1017 743 1136 779 esset
1157 739 1200 779 in
1217 738 1310 788 illo,

178 802 382 845 Foemina
402 810 532 847 natus
554 811 661 848 erat.
723 805 913 847 Monstri
933 805 1125 847 novitate
1146 810 1389 855 moventur,
1550 807 1634 849 175

177 867 392 924 Quisquis
414 871 539 913 adest
557 886 566 914 ε
598 876 832 926 narretque
850 878 1017 926 rogant.
1079 872 1209 923 Quos
1230 873 1341 914 inter
1365 872 1577 924 Achilles,

177 935 266 977 Dic
287 949 381 990 age,
401 937 526 992 (nam
547 940 718 982 cunctis
740 939 891 980 eadem
911 943 980 980 est
1000 939 1149 980 audire
1170 938 1410 994 voluntas,)

177 1001 216 1044 O
236 1003 423 1046 facunde
445 1019 595 1055 seneX,
618 1006 705 1048 aevi
725 1006 952 1060 prudentia
970 1008 1108 1048 nostri
1125 1020 1136 1058 3

177 1068 293 1120 Quis
312 1071 442 1114 fuerit
463 1072 667 1124 Caeneus,
690 1087 767 1115 cur
788 1075 834 1114 in
855 1076 1070 1116 contraria
1090 1088 1243 1117 versus
1260 1089 1270 1128 ;

178 1137 279 1188 Qua
299 1139 379 1180 tibi
400 1141 569 1191 militia,
592 1142 720 1195 cujus
739 1142 974 1184 certamine
989 1155 1148 1196 pugnae

176 1204 413 1261 Cognitus3
446 1222 473 1250 a
493 1223 583 1263 quo
605 1211 662 1251 sit
681 1211 852 1263 victus;
884 1211 922 1251 si
944 1212 1091 1253 victus
1112 1213 1168 1254 ab
1188 1212 1277 1254 ullo
1295 1216 1377 1253 est.

176 1272 291 1316 Tum
311 1277 455 1317 senior
473 1291 482 1318 :
516 1277 736 1329 Quamvis
755 1279 902 1320 obstet
923 1279 1029 1320 mihi
1049 1279 1173 1321 tarda
1193 1283 1391 1322 vetustas
1408 1293 1418 1331 ;

1544 470 1630 512 170

1550 1143 1638 1186 180

179 1396 286 1427 Graeci
305 1397 360 1428 hoc
374 1399 630 1430 admirabantur:
651 1409 720 1430 cum
735 1400 783 1431 ita
799 1400 916 1431 Nestor
928 1399 1084 1439 loquitur.-
1111 1399 1238 1439 Cygnus
1247 1398 1316 1437 fuit
1332 1399 1411 1430 solus
1427 1401 1529 1430 restra
1544 1401 1641 1430 aetate

175 1448 301 1470 securus
317 1439 414 1480 ser-ri,
429 1444 459 1472 et
476 1442 558 1472 nullo
573 1443 638 1472 ictu
649 1441 861 1482 penetrabilis.
905 1443 950 1473 At
966 1451 1022 1482 ego
1036 1442 1187 1482 quondam
1202 1441 1312 1481 aspexi
1337 1441 1481 1472 Coeneum
1494 1441 1640 1472 Perrhoe-

176 1479 248 1511 bum
255 1481 410 1520 feremem
421 1484 504 1514 mille
518 1484 600 1515 ictus
615 1494 738 1524 corpore
752 1484 865 1516 illaeso:
887 1485 942 1525 qui
952 1484 1165 1515 celeberrimus
1175 1484 1255 1514 actis
1260 1483 1473 1524 frequentavit
1492 1483 1638 1524 Othryn:

172 1526 208 1554 et
223 1527 258 1554 ut
283 1524 363 1556 illud
387 1526 490 1565 magis
513 1530 593 1558 esset
619 1528 804 1567 stupendum
820 1527 852 1558 in
875 1537 921 1567 eo,
944 1530 1035 1558 natus
1061 1529 1129 1558 erat
1148 1526 1292 1565 soemina.
1340 1526 1531 1567 Quicumque
1554 1528 1642 1558 adest

175 1568 349 1606 tanguntur
374 1569 512 1600 novitate
533 1570 685 1610 prodigii,
709 1573 802 1610 atque
823 1574 914 1601 orant
938 1574 973 1601 ut
988 1569 1116 1608 referat.
1161 1570 1250 1600 Inter
1265 1579 1339 1610 quos
1354 1569 1502 1609 Achilles,
1517 1568 1641 1608 Narra,

176 1618 290 1649 queso,
305 1620 322 1641 ο
347 1611 462 1642 diserte
486 1621 594 1652 senex,
606 1613 774 1653 prudentia
799 1614 898 1644 nostri
922 1613 1038 1649 mculi,
1064 1613 1160 1651 (nam
1182 1621 1285 1643 omnes
1307 1612 1436 1652 cupiunt
1462 1621 1642 1652 cognoscere

176 1652 304 1691 eadem)
330 1653 400 1692 quis
416 1653 519 1692 fuer-ie
548 1656 700 1691 Caeneus,·
734 1655 928 1694 quamobrem
953 1656 987 1686 in
1013 1655 1110 1685 aliam
1127 1653 1266 1691 sormam
1289 1658 1446 1691 munniz,-
1468 1665 1526 1695 quo
1551 1654 1641 1692 bello,

177 1693 265 1732 cujus
291 1697 495 1726 contentionis
509 1697 686 1728 discrimine
701 1697 761 1727 tibi
783 1699 947 1737 cog-nitus,·
971 1709 990 1728 a
1013 1707 1071 1737 quo
1096 1697 1139 1727 sit
1161 1700 1337 1737 superatus,
1358 1697 1385 1727 εἰ
1400 1708 1419 1728 a
1434 1707 1583 1737 quoquam
1595 1699 1642 1727 est

176 1736 322 1768 domitus.
371 1738 451 1769 Tum
476 1748 590 1771 senex.-
619 1741 799 1780 Quanquam
825 1740 902 1771 mihi
917 1739 998 1771 obsit
1012 1740 1104 1779 longa
1117 1742 1267 1780 eenectus,
1281 1740 1504 1780 multorumque
1518 1738 1578 1770 sim
1592 1737 1644 1769 ob-

789 1823 885 1836 eem
887 1824 1024 1835 eeeeeee

180 1865 302 1897 tenebat
329 1866 429 1899 Cant.
446 1867 490 1898 Ο.
517 1871 552 1900 et
581 1873 647 1900 tres
663 1869 740 1901 alii:
769 1868 894 1907 ferebat
919 1871 1182 1910 quantun—168
1206 1868 1314 1909 Ipsum
1329 1876 1371 1898 ex
1390 1870 1468 1898 tert.
1496 1866 1590 1898 Med.
1607 1870 1643 1899 et

180 1908 326 1950 quinque
343 1910 418 1941 aliis
435 1909 530 1942 dedit
546 1911 666 1943 Heins.
682 1913 772 1952 vulg.
790 1912 974 1952 ipsa—173
998 1911 1149 1943 Berolin.
1165 1910 1462 1952 quistatim—175
1488 1909 1641 1941 Berolin.

178 1951 316 1982 novitate
338 1953 595 1984 merebam—17⁷
621 1955 679 1985 Pr.
696 1956 738 1986 V.
768 1955 893 1995 aiiique
919 1959 1052 1995 septem
1083 1963 1159 1985 cum
1187 1953 1318 1985 Arund.
1349 1954 1420 1984 aud.
1449 1953 1642 1991 voluptas.—

183 1996 244 2024 179
269 1994 432 2027 Heideib.
461 2006 573 2037 curque
598 1997 630 2027 in
661 2000 867 2029 contra—182
891 1997 970 2028 Bas.
988 2007 1110 2038 quamv.
1127 1995 1252 2034 obelum·
1276 2000 1312 2027 et
1328 2005 1375 2027 vs.
1402 2005 1473 2036 seq.
1496 1995 1641 2035 fugiunt.

837 2085 870 2117 N
874 2084 982 2117 0⁵1*AE

179 2155 248 2178 suae
275 2146 413 2188 originis
441 2157 622 2189 memoreS,
644 2149 723 2180 laedi
747 2159 784 2180 se
811 2159 883 2181 cre-

179 2197 276 2236 dant,
295 2207 370 2229 cum
387 2204 487 2239 turpe
504 2200 585 2240 quid
602 2209 714 2232 coram
730 2200 810 2240 illis,
825 2205 883 2231 aut

181 2246 391 2287 admittitur,
407 2253 465 2280 aut
479 2251 654 2281 narratur?

225 2300 288 2329 168
310 2298 439 2338 Achivi]
472 2299 600 2340 Graeci,
623 2300 681 2341 qui
703 2305 739 2332 et
765 2301 882 2333 Achaei

181 2348 224 2380 ab
240 2348 369 2380 Achaia
383 2360 483 2391 quam
499 2350 725 2382 incoluerunt.

225 2403 288 2432 169
314 2401 442 2442 Nestor]
476 2401 576 2433 Nelei
601 2400 666 2432 fuit
692 2401 792 2441 fliius,
822 2411 883 2433 rex

182 2450 275 2491 pyri,
291 2455 408 2491 aetate,
424 2451 631 2493 eloquentia,
647 2456 682 2483 et
703 2452 884 2493 prudentia

183 2510 244 2532 sua
259 2501 382 2534 clarus.

227 2554 288 2583 172
306 2553 520 2594 Perrhaebum]
539 2553 691 2584 Fuerunt
709 2551 884 2584 Perrhaebi

181 2602 364 2634 Thessaliae
391 2604 521 2643 populi,
537 2604 607 2644 qui,
623 2613 641 2633 a
660 2603 812 2643 Lapithis
826 2602 884 2634 de-

185 2652 280 2692 victi,
294 2653 327 2683 in
345 2653 444 2684 Pindi
460 2659 621 2685 montana
637 2653 873 2694 confugerunt.

230 2702 357 2744 Coenea]
372 2703 462 2735 Enati
480 2703 699 2745 Lapitharum
718 2704 807 2744 regis
820 2702 885 2735 fuit

185 2752 268 2793 tilia,
283 2753 315 2783 in
331 2763 457 2785 murem
472 2759 616 2794 mutata,
637 2754 767 2793 Caenin
790 2754 885 2795 cujus

185 2813 228 2836 ex
246 2803 357 2836 Poeta
376 2804 561 2847 jucundius
588 2804 719 2847 poteris
746 2814 884 2847 eognos-

939 2159 1017 2182 cere
1032 2148 1220 2180 historiam.

982 2202 1042 2232 173
1069 2197 1209 2240 Othryn]
1233 2197 1300 2231 Qui
1324 2207 1418 2230 mons
1434 2202 1488 2230 est
1503 2198 1644 2230 Thessa-

938 2250 1002 2281 liae.

981 2302 1042 2331 177
1060 2299 1144 2330 Nam
1156 2297 1290 2338 cunc-tie]
1314 2297 1404 2329 Satis
1419 2299 1531 2330 credis
1548 2299 1645 2331 Grae-

939 2359 1053 2382 corum
1090 2348 1254 2380 Romanis
1288 2353 1506 2390 perspectam
1537 2348 1642 2380 fuisse

937 2398 1179 2439 urbanitatem,
1208 2408 1283 2440 quae
1315 2399 1430 2430 nescio
1460 2408 1569 2440 qnam,
1604 2402 1644 2430 nt

939 2455 1074 2489 vocant,
1111 2449 1380 2482 Christianorum
1420 2450 1641 2490 plurimorum

941 2501 1135 2532 Char-itatem
1151 2501 1310 2541 superet?
1339 2500 1388 2530 Re
1405 2499 1477 2540 ipsa
1493 2498 1642 2530 homiues

939 2553 1061 2584 saitem
1088 2552 1229 2584 fuerunt
1255 2550 1414 2588 Ethnici3
1442 2549 1548 2580 nostri
1573 2548 1641 2588 ple-

939 2603 1035 2644 rique
1065 2601 1154 2634 fictis
1191 2600 1382 2632 nominibus
1418 2598 1641 2639 superbiunt3

940 2656 1043 2694 atque
1071 2652 1182 2683 verbis
1208 2650 1365 2682 inanibus
1385 2648 1532 2680 maxima
1548 2657 1639 2689 qute-

939 2714 1005 2746 que
1021 2706 1136 2745 agunt.

984 2757 1046 2787 179
1070 2751 1255 2794 Contraria]
1276 2751 1318 2784 In
1332 2759 1471 2783 marem.
