1831 3023
495 238 967 271 METAMORPHOSEON
1004 240 1050 268 m
1060 242 1101 272 Β.
1133 243 1222 273 vu.
1472 235 1586 278 1219

130 331 358 375 Maximus
374 334 486 374 intra
503 344 573 371 me
592 331 718 371 Deus
737 334 819 371 est.
879 330 984 371 Non
1004 345 1162 384 magna
1179 335 1421 389 relinquam
1439 351 1450 388 3
1529 339 1586 378 55

129 399 294 453 Magna
314 411 497 453 sequar:
528 398 698 438 titulum
719 402 902 438 servatae
925 398 1061 451 pubis
1082 398 1285 450 Achivae,

129 466 429 520 Notitiamque
448 465 537 506 loci
555 464 763 513 melioriS,
786 468 830 504 et
849 465 1033 518 oppida,
1057 479 1241 519 quorum

128 534 219 576 Hic
240 547 409 589 quoque
425 533 543 573 fama
563 532 696 584 viget,
720 533 963 585 cultusque,
985 539 1191 587 artesque
1209 535 1425 576 virorum:

127 600 361 654 Quemque
382 614 461 653 ego
482 612 579 640 cum
602 600 749 650 rebuS,
772 613 881 653 quas
902 606 1020 641 totus
1039 601 1243 654 possidet
1262 603 1399 653 orbis,

126 668 366 709 AEsoniden
384 673 579 708 mutasse
598 667 728 708 velim
749 681 758 710 :
791 681 880 721 quo
901 668 1082 722 conjuge
1100 668 1206 710 felix
1526 671 1583 712 60

124 734 181 776 Et
202 735 286 776 Dis
308 748 408 776 cara
428 734 553 783 ferar,
572 738 614 775 et
634 736 794 775 vertice
816 736 960 777 sidera
979 740 1170 789 tangam.

124 800 278 852 Quid?
311 802 428 856 quod
447 802 595 842 nescio
616 803 691 856 qui
712 803 870 844 mediis
891 817 1150 845 concurrere
1174 806 1218 845 in
1239 803 1366 845 undis

124 869 340 910 Dicuntur
359 874 544 919 montes,
564 871 821 923 ratibusque
842 872 1021 912 inimica
1043 871 1305 926 Charybdis,

123 935 255 977 Nunc
277 937 449 978 sorbere
469 937 641 987 fretum,
663 951 777 979 nunc
799 939 1000 991 reddere3
1034 940 1266 993 cinctaque
1286 940 1418 981 saevis

121 1003 272 1058 Scylla
292 1017 433 1058 rapax
454 1005 637 1045 canibus
659 1004 810 1046 Siculo
832 1006 987 1047 latrare
1010 1006 1260 1059 profundo?
1525 1007 1583 1050 65

121 1070 295 1125 Nempe
316 1074 467 1112 tenens
489 1072 606 1126 quod
628 1085 745 1122 amo,
767 1075 1015 1128 gremioque
1037 1075 1080 1115 in
1103 1074 1280 1116 Iasonis
1301 1074 1485 1125 haerenS,

119 1196 247 1245 iusum:
283 1198 437 1229 desideria
472 1201 585 1230 sororis
613 1200 741 1238 jaciunt
778 1211 902 1233 mecum.
958 1202 1044 1232 Deus
1073 1201 1228 1232 maximus
1257 1205 1301 1233 est
1341 1202 1373 1232 in
1411 1210 1482 1232 me:
1522 1211 1581 1232 non

118 1242 262 1270 omittam
292 1251 425 1277 magna:
462 1252 571 1282 sequar
600 1253 724 1282 magna,
760 1244 881 1276 laudem
912 1244 1051 1275 liberatae
1071 1245 1248 1282 juventutis
1278 1244 1416 1283 Achivae,
1450 1247 1479 1275 et
1509 1254 1581 1282 cog-

120 1282 266 1313 nitionem
295 1287 388 1313 terroe
414 1285 560 1319 mitioris,
586 1289 616 1316 et
650 1286 750 1324 urbes,
773 1297 903 1326 quurmn
930 1287 980 1317 hic
1003 1287 1097 1317 eciam
1125 1288 1193 1316 laus
1221 1290 1266 1316 est
1291 1288 1386 1324 elma,
1413 1289 1443 1316 et
1467 1287 1580 1322 cultus,

119 1328 149 1355 et
177 1328 260 1355 artes
282 1326 430 1364 firm-um,
467 1331 497 1357 et
529 1328 716 1364 ,Esonidmm
747 1340 834 1368 quem
863 1339 919 1367 ego
949 1329 1084 1368 optarim
1114 1332 1246 1358 „zulasse
1273 1338 1341 1358 cum
1369 1327 1476 1367 opibus
1505 1337 1581 1367 quas

117 1370 201 1397 totus
216 1369 345 1398 mundus
366 1370 525 1403 contine&
546 1380 603 1408 quo
619 1370 732 1400 marito
758 1372 846 1401 dicar
872 1370 961 1400 beata
985 1373 1015 1400 et
1032 1370 1108 1400 Diis
1133 1373 1272 1410 accepta,
1294 1373 1322 1400 et
1349 1373 1479 1409 tangam
1495 1373 1582 1400 astra

116 1410 225 1448 capite.
274 1410 359 1444 Quid
385 1413 464 1452 quod
491 1413 590 1441 nescio
619 1412 673 1451 qui
706 1416 823 1443 montes
848 1412 995 1443 dicuntur
1022 1411 1169 1450 congredi
1205 1412 1238 1442 in
1272 1411 1384 1442 mediis
1410 1412 1512 1452 aquis,
1546 1415 1577 1442 et

119 1451 293 1492 Charybdis
317 1452 437 1490 infensa
461 1454 589 1484 navibus
614 1464 694 1484 nunc
720 1455 845 1485 haurire
869 1464 984 1494 oequor,
1010 1464 1090 1485 nunc
1114 1463 1264 1493 egerere,·
1297 1457 1327 1484 et
1354 1454 1458 1495 Scylla
1484 1464 1581 1485 vorax

115 1493 307 1526 circumdata
323 1494 406 1533 feris
421 1496 547 1527 canibus
562 1497 681 1527 latrare
696 1496 729 1527 in
745 1497 827 1528 mari
848 1496 954 1528 Siculo
965 1495 981 1528 ,7
1027 1496 1187 1528 Nimirum
1203 1497 1391 1537 amplectens
1405 1497 1484 1538 quod
1499 1507 1581 1537 amo,

728 1568 966 1581 eeeeeeeeeeee

116 1626 202 1649 unus
221 1617 296 1656 suta
318 1619 532 1650 sororis.—56
555 1619 653 1651 Vett.
684 1617 756 1650 fere
784 1627 914 1656 omnes,
941 1622 1031 1649 teste
1057 1617 1214 1659 Ciofano‚
1238 1628 1318 1651 serv.
1339 1619 1473 1660 puppis,·
1498 1620 1582 1651 Lov.

111 1660 227 1701 gentis.
259 1661 383 1692 Achoeoe
400 1671 484 1692 unus
501 1662 710 1693 Heins.—-—58
734 1662 805 1693 Pro
820 1661 968 1698 virorum,
987 1661 1141 1702 plerique
1157 1663 1302 1702 locorum,
1317 1662 1407 1703 quod
1424 1663 1578 1703 impense

118 1703 231 1744 placet
248 1703 368 1734 Heius.
396 1704 496 1735 modo
525 1705 627 1745 paulo
652 1710 730 1735 ante
757 1705 888 1743 legatur
913 1704 970 1734 soli
996 1713 1057 1744 pro
1082 1705 1153 1734 loci.
1177 1705 1293 1736 Burm.
1318 1705 1442 1744 nescit,
1456 1715 1497 1736 an
1515 1715 1581 1736 non

117 1750 272 1786 praestet,
287 1747 442 1787 cultusque
457 1747 639 1787 habitusque
655 1748 804 1782 virorum,
820 1755 895 1787 quoe
911 1756 1002 1786 saepe
1014 1746 1214 1786 jungantur.
1258 1747 1354 1778 Unus
1369 1747 1471 1778 etiam
1486 1747 1581 1779 Leid.

116 1790 283 1828 dctueque:
306 1793 341 1819 et
366 1799 417 1829 pr.
447 1789 542 1820 Med.
567 1791 736 1829 Bernegoe.
762 1794 796 1819 et
823 1798 912 1818 unus
936 1789 1023 1819 Mor.
1050 1790 1285 1820 colonum—59
1309 1790 1387 1820 Bas.
1403 1799 1488 1820 unus
1505 1790 1579 1820 Non

116 1840 172 1870 ego
180 1840 238 1871 pro
255 1830 434 1862 rebam—61
462 1832 568 1863 Gron.
585 1842 670 1862 unus
696 1831 758 1863 Dis
779 1834 973 1870 gram—62
999 1830 1066 1861 Alii
1092 1840 1260 1872 occurrere,
1288 1831 1342 1862 vel
1368 1831 1524 1863 incurrere
1547 1833 1581 1862 in

770 1921 916 1954 NOTAE

117 1987 220 2019 amori
237 1986 444 2019 officiebant.
877 1986 1056 2017 intervallo
1074 1986 1251 2024 distantes,
1274 1985 1343 2027 qui,
1371 1985 1509 2027 oblique
1524 1995 1582 2017 na·

157 2041 199 2069 56
221 2037 319 2069 Putn's
334 2037 477 2077 Achitae]
503 2037 717 2078 Argonautas
734 2036 818 2067 dicit
875 2036 1068 2077 vigantibus
1084 2036 1163 2076 quia
1191 2035 1350 2067 videntur
1365 2044 1580 2075 concurrere,

114 2097 156 2120 ex
172 2088 261 2119 omni
273 2089 461 2128 juventute
477 2088 600 2119 Graeca
615 2087 781 2118 delectos.
873 2087 985 2127 poetis
1000 2086 1152 2127 fingendi
1169 2086 1277 2118 multa
1299 2087 1475 2118 licentiam
1492 2096 1579 2127 prae-

155 2139 198 2168 59
214 2137 328 2177 Quem]
346 2137 674 2177 Jasouem,sci1icet‚
685 2135 816 2167 AEsonis
873 2136 1029 2168 buerunt.

78 2219 86 2227 ,
114 2186 229 2219 filium.
916 2185 1108 2228 Charybdis]
1132 2186 1268 2227 Gurges
1290 2189 1341 2217 est
1370 2186 1403 2216 in
1427 2185 1516 2217 freto
1533 2185 1580 2217 Si-

154 2241 196 2270 60
213 2237 368 2278 Mutae-se]
384 2238 542 2269 Utsuuin
556 2237 702 2279 faceret,
716 2237 813 2269 intel·
871 2237 962 2277 culo,
984 2237 1086 2267 obvia
1113 2246 1260 2278 quaeque
1290 2236 1490 2278 absorbens,
1519 2236 1579 2268 ite·

116 2289 203 2331 lige:
229 2299 290 2330 pro
307 2299 375 2330 quo
392 2290 506 2320 omnia
522 2289 684 2320 dedisset.
869 2297 1008 2329 rumque
1027 2297 1214 2320 revomens-

154 2342 194 2371 61
218 2339 339 2370 Venice
353 2338 472 2378 sidera]
495 2338 595 2371 Quod
612 2339 655 2369 de
674 2338 712 2369 iis
729 2337 812 2369 dici·
910 2342 950 2370 65
976 2338 1097 2380 Scylla]
1121 2338 1287 2379 scopulus
1302 2342 1356 2369 est
1371 2337 1406 2369 in
1422 2336 1511 2370 freto
1526 2338 1577 2370 si-

113 2395 167 2421 tur
183 2390 239 2431 qui
256 2390 297 2421 ad
313 2399 502 2430 supremam
519 2388 721 2421 felicitatem
736 2398 811 2430 per·
868 2389 943 2421 culo
965 2400 984 2421 e
1008 2389 1145 2430 regione
1172 2388 1382 2429 Charybdis3
1406 2397 1507 2429 quem
1528 2387 1577 2420 fe-

113 2440 243 2471 venisse
260 2440 396 2471 crediti.
868 2441 956 2472 cisse
985 2440 1100 2472 volunt
1129 2440 1274 2479 Scyllam
1303 2439 1428 2470 Phorci
1458 2438 1576 2477 filiam,

153 2493 195 2523 62
211 2490 317 2527 Quid?
334 2490 428 2531 quod]
443 2490 520 2522 Non
535 2489 587 2520 his
602 2489 811 2530 sequendum
868 2491 984 2522 Circes
1017 2489 1188 2521 veneficiis
1218 2491 1250 2520 in
1282 2495 1469 2521 monstrum
1502 2489 1576 2529 pul-

110 2540 284 2580 Juonem,
302 2541 390 2583 qnod
410 2541 514 2571 voluit
532 2540 810 2577 Commentator;
868 2542 1043 2573 cherrimae
1061 2540 1209 2572 foeminae
1226 2540 1343 2581 specie
1361 2543 1502 2580 pectore
1526 2543 1575 2569 te·

111 2591 213 2624 immo
240 2594 352 2633 potius
379 2590 634 2632 relinquendum
659 2590 722 2621 sibi
739 2599 811 2621 sua·
868 2601 930 2622 nus
948 2597 1125 2630 mutatam,
1137 2591 1190 2622 cui
1207 2600 1328 2622 canum
1342 2595 1401 2621 aut
1417 2591 1574 2630 luporum

65 2635 72 2639 ’
110 2641 192 2672 nisse
210 2641 381 2680 Medeam,
398 2641 557 2672 arbitror.
866 2642 982 2683 capita
997 2643 1049 2673 vel
1066 2643 1170 2673 etiam
1194 2641 1365 2682 serpentis
1392 2638 1501 2671 cauda
1516 2638 1575 2671 nd-

153 2693 194 2722 6³
213 2691 350 2731 Morem]
365 2692 519 2732 Cyaneas
534 2690 629 2729 dicit,
643 2700 701 2722 seu
716 2691 810 2731 Sym-
865 2691 950 2724 dita.
994 2691 1062 2723 Sed
1078 2691 1120 2722 de
1137 2692 1187 2722 his
1204 2696 1314 2721 antea.

111 2740 273 2781 ple-gades
289 2740 428 2779 insulas,
444 2741 496 2771 vel
516 2741 627 2781 potins
643 2742 811 2782 scopulos,
908 2745 950 2774 66
975 2742 1110 2784 Nempe]
1141 2742 1217 2775 Jam
1234 2740 1308 2780 sibi,
1323 2740 1413 2781 quod
1431 2739 1574 2782 objecit,

109 2790 144 2821 in
160 2789 233 2832 ipso
248 2789 350 2822 Ponti
368 2791 491 2824 Euxini
505 2791 591 2823 ostio
606 2801 673 2824 non
689 2802 811 2835 magno
864 2792 1024 2826 infirmat.
