1831 3023
169 171 282 212 1400
653 183 692 212 P.
724 182 880 212 orlon
916 181 1128 212 NAsoms

168 275 364 329 Expulit,
384 280 429 316 et
447 279 550 317 nata
569 280 635 317 est
652 277 804 329 ignaro
823 277 1004 317 foemina
1021 276 1136 329 patri
1153 289 1164 327 ;

165 341 195 382 J
199 343 310 382 ussit
329 343 387 382 ali
409 347 558 392 mater,
579 356 756 395 puerum
778 344 980 392 mentita;
1011 343 1229 396 fidemque
1531 343 1617 384 705

167 407 259 449 Res
278 409 452 450 habuit:
484 423 626 462 neque
645 413 734 448 erat
754 408 861 448 sacti
882 409 966 448 nisi
988 410 1160 449 conscia
1182 409 1343 450 nutrix.

164 475 285 517 Vota
304 481 424 529 pater
446 477 588 524 solvit,
607 487 849 527 nomenque
869 475 1056 527 imponit
1077 477 1254 517 avitum.

164 542 290 596 Iphis
312 556 419 583 avus
439 542 597 581 fuerat.
657 540 828 581 Gavisa
843 545 907 582 est
925 543 1098 583 nomine
1118 549 1271 593 mater,

163 609 294 659 Quod
317 620 542 648 commune
563 607 688 656 foret,
715 620 794 648 nec
816 621 1058 661 quenquam
1080 610 1242 651 falleret
1262 609 1352 652 illo.

161 676 440 728 Impercepta
465 675 541 728 pia
561 674 790 715 mendacia
810 674 959 716 fraude
978 676 1186 717 latebant.
1527 676 1612 724 710

161 741 315 782 Cultus
334 745 423 782 erat
443 742 587 794 pueri:
617 742 770 792 facies,
798 755 927 795 quam
949 744 1042 784 sive
1062 745 1235 796 puellae,

160 809 262 849 Sive
283 809 408 849 dares
427 821 577 861 puero,
597 809 716 848 fieret
736 809 953 849 formosus
974 814 1166 863 uterque.

156 875 328 916 Tertius
350 876 513 916 interea
533 876 703 916 decimo
726 881 999 917 successerat
1020 890 1190 928 annus3

157 943 270 984 Cum
292 947 429 996 pater,
451 943 570 996 Iphi,
589 944 668 984 tibi
688 943 847 984 flavam
869 943 1117 997 despondet
1138 942 1348 985 Ianthen:

156 1010 276 1051 Inter
298 1010 584 1052 Phaestiadas
604 1025 705 1065 quae
726 1011 1032 1052 laudatissima
1053 1011 1205 1052 sormae
1523 1013 1607 1053 715

155 1077 273 1117 Dote
292 1077 375 1119 suit
395 1078 533 1130 virgo,
557 1078 736 1119 Dictaeo
754 1083 859 1119 nata
875 1078 1064 1119 Teleste.

154 1144 244 1184 Par
263 1148 387 1195 aetas,
410 1158 491 1198 par
508 1146 649 1186 forma
668 1145 750 1186 fuit
767 1159 776 1186 :
807 1145 1057 1198 primasque
1076 1145 1293 1198 magistris

151 1210 378 1266 Accepere
401 1216 527 1263 artes,
549 1213 761 1254 elementa
780 1213 939 1262 aetatis,
961 1213 1017 1253 ab
1038 1212 1191 1254 isdem.

153 1279 277 1319 Hinc
299 1292 421 1320 amor
442 1280 666 1321 ambarum
684 1280 828 1333 tetigit
843 1279 948 1320 rude
966 1283 1140 1332 pectus,
1162 1284 1205 1322 et
1224 1293 1398 1335 aequum

152 1344 326 1387 Vulnus
346 1348 519 1400 utrique
540 1348 650 1388 tulit.
710 1347 797 1388 Sed
817 1351 909 1388 erat
929 1347 1090 1388 fiducia
1110 1348 1274 1401 dispar.
1520 1349 1605 1390 720

148 1468 225 1497 nata
240 1470 285 1497 est
308 1468 408 1498 nescio
432 1471 570 1507 parente,
594 1468 738 1507 genitrix
765 1468 930 1508 imperarit
956 1468 1033 1505 tolli,
1056 1468 1187 1499 mentita
1203 1478 1317 1499 marem
1334 1477 1418 1499 esse:
1440 1471 1531 1508 atque
1555 1477 1605 1499 res

147 1508 268 1540 invenit
270 1509 393 1550 fidem:
414 1520 510 1550 neque
537 1514 603 1541 erat
629 1511 749 1541 conscia
763 1510 848 1549 sacti
875 1512 936 1541 nisi
963 1511 1084 1542 nutrix.
1129 1511 1230 1541 Pater
1244 1511 1374 1542 exsolvit
1400 1514 1482 1549 vota,
1497 1514 1527 1541 et
1548 1511 1603 1541 «lat

147 1560 253 1582 nomen
284 1552 413 1582 avitum.
459 1552 547 1592 Iphis
566 1552 677 1590 suerat
706 1563 792 1584 arus.
837 1553 946 1584 Blater
975 1555 1082 1584 loetata
1107 1556 1152 1583 est
1175 1553 1306 1591 nomine,
1326 1554 1403 1592 quod
1417 1556 1493 1584 esset
1509 1552 1604 1583 ambi-

145 1602 254 1632 guum,
281 1605 336 1625 nec
361 1605 537 1634 quemquam
566 1595 718 1635 deciperet
747 1596 811 1626 illo.
855 1596 1023 1626 Blendacia
1051 1596 1210 1634 incognita
1239 1596 1421 1634 tegebantur
1443 1595 1496 1635 pio
1521 1595 1602 1626 dolo.

149 1635 261 1667 Cultus
283 1639 351 1667 erat
366 1638 483 1667 maris:
505 1637 618 1675 vultus,
642 1646 728 1677 quem
751 1638 815 1668 sive
830 1638 921 1667 ‹lm-es
937 1637 1079 1674 soeminae
1093 1637 1157 1667 sive
1175 1647 1284 1677 puero,
1311 1641 1438 1676 uterque
1453 1640 1529 1668 esset
1544 1638 1604 1668 ele·

147 1686 236 1715 gans.
281 1679 406 1709 Interea
422 1679 535 1709 tertius
549 1688 646 1709 annus
659 1682 877 1718 supervenerat
891 1680 1018 1716 decimo,
1032 1689 1100 1709 cum
1112 1689 1224 1718 parens
1238 1681 1403 1719 despondet
1417 1679 1474 1709 tibi
1481 1679 1604 1719 flavam

148 1719 294 1760 Ianthen,
311 1720 406 1759 ῙρΙιί;
432 1732 501 1761 qua·
523 1721 625 1761 puella
642 1721 711 1759 suit
737 1723 807 1752 dote
822 1721 938 1759 formoe
956 1722 1164 1761 pulcherrima
1190 1723 1274 1752 inter
1297 1721 1509 1760 Phaestiadas,
1534 1723 1604 1752 sata

150 1762 267 1793 Teleste
283 1763 418 1795 Dictoeo.
464 1763 550 1795 Anni
562 1774 663 1805 pares,
669 1763 776 1802 forma
791 1763 862 1802 fuit
877 1764 1024 1804 (equalis.-
1045 1766 1137 1804 atque
1158 1763 1329 1795 habuerunt
1354 1764 1393 1794 ab
1414 1764 1522 1795 iisdem
1537 1773 1603 1794 ma-

145 1805 258 1841 gistris
271 1807 416 1837 elementa
431 1807 536 1837 atatis
547 1808 666 1847 primas
679 1810 772 1837 artes.
819 1807 908 1838 Hinc
922 1817 1007 1837 amor
1026 1806 1188 1846 permulsit
1211 1806 1387 1846 imperitum
1403 1809 1512 1847 pectus
1525 1806 1603 1837 utri-

145 1856 237 1887 mque
248 1859 260 1885 ;
282 1852 314 1880 et
338 1849 449 1880 inussit
463 1850 587 1880 eandem
599 1851 728 1891 plagam
741 1849 896 1881 ambabus.
941 1849 1002 1881 Sed
1027 1859 1094 1890 spes
1117 1852 1186 1880 erat
1207 1848 1380 1881 dissimilis.
1423 1849 1536 1880 Ianthe
1551 1858 1604 1880 ex-

754 1935 985 1946 eea-stamme*

145 1990 299 2030 implet-it,
315 1996 350 2023 et
362 1993 404 2023 V.
426 1996 461 2024 et
479 1992 572 2024 Med.
588 1994 846 2025 emerim—704
870 1993 977 2025 Gron.
1000 1994 1128 2025 Thuan.
1145 1998 1181 2024 et
1200 1993 1256 2023 alii
1272 1992 1368 2023 multi
1383 1992 1487 2032 patri;
1510 1992 1598 2033 vulg.

141 2036 353 2072 patra—706
375 2035 477 2065 Multi
494 2045 536 2066 ex
552 2040 640 2067 vett.
669 2046 711 2066 er.
731 2035 808 2077 ficti
832 2036 890 2066 nis.
916 2036 949 2066 in
977 2036 1051 2066 aliis
1067 2036 1165 2066 tecti:
1189 2035 1320 2066 Genev.
1342 2034 1453 2072 facto:
1475 2034 1596 2066 Heius.

143 2075 360 2106 scribendum
386 2082 505 2108 censet
522 2077 728 2115 furti—710
751 2077 895 2108 Plurimi
918 2078 1101 2117 indecepta:
1127 2077 1303 2108 calandrae
1321 2077 1406 2108 Exc.
1436 2086 1504 2109 sec.
1521 2077 1596 2109 Pal.

144 2128 196 2156 pr.
228 2118 307 2148 Bas.
334 2127 386 2157 pr.
417 2119 457 2150 R.
485 2119 574 2149 alter
604 2120 793 2159 Hamburg.
830 2124 866 2150 et
896 2120 1044 2160 quinque
1073 2120 1142 2159 alii,
1164 2120 1368 2159 indeprensa:
1404 2129 1454 2159 pr.
1487 2119 1596 2151 Gron.

143 2159 345 2199 imperfecta;
368 2170 452 2191 unus
471 2161 589 2192 Heius.
615 2171 689 2191 cum
706 2162 789 2192 Exc.
806 2162 1231 2201 Jnreti‚intercepta.—?12
1255 2162 1325 2192 Pro
1339 2162 1437 2203 fieret
1462 2162 1595 2193 Bersm.

135 2202 264 2242 fierent,
294 2211 359 2232 non
388 2203 602 2243 improbante
633 2203 860 2234 Heius—713
884 2203 1019 2235 Primus
1044 2204 1120 2234 Pal.
1149 2205 1256 2234 decim.
1284 2207 1598 2236 succreverat—716

144 2245 210 2275 Ms.
226 2245 354 2275 Bersm.
368 2244 519 2282 Sortesu.
538 2245 632 2276 Leid.
650 2246 753 2276 Docta
769 2245 821 2283 fa.
846 2245 916 2276 Alii
933 2246 1034 2277 etiam
1053 2246 1205 2277 scribunt
1223 2246 1360 2276 Theleste
1374 2247 1427 2277 vel
1443 2246 1572 2287 Thyeste
1584 2258 1598 2285 ,⁶

144 2287 280 2327 quidam
296 2288 398 2317 etiam
415 2287 658 2319 Thema—718
680 2288 807 2328 Tanaq.
824 2288 904 2319 Fab.
921 2289 1062 2328 corrigit
1077 2290 1281 2328 elementaque
1294 2289 1399 2328 prima
1424 2289 1479 2319 sub
1494 2289 1595 2320 isti.—

142 2332 205 2360 719
226 2329 394 2361 Ambarum
413 2330 530 2361 Heius.
549 2330 644 2361 dedit
664 2340 706 2361 ex
724 2330 769 2360 N.
785 2340 851 2361 sec.
878 2331 973 2362 Med.
988 2342 1038 2371 pr.
1054 2332 1094 2362 V.
1112 2341 1163 2371 pr.
1191 2331 1298 2362 Gron.
1315 2336 1350 2362 et
1365 2340 1426 2361 sex
1439 2331 1511 2362 aliis
1526 2341 1595 2362 me-

145 2372 237 2403 lioris
255 2377 345 2403 notae
364 2384 373 2411 ;
395 2373 485 2413 vulg.
501 2373 774 2404 anzbo⁷·um.——720
798 2374 838 2404 R.
861 2373 949 2404 Vuln.
965 2374 1113 2413 utrisque.
1145 2373 1228 2404 Tulit
1244 2378 1296 2404 est
1312 2383 1355 2405 ex
1373 2373 1479 2405 Gron.
1496 2378 1532 2404 et
1547 2374 1598 2405 ita

144 2414 302 2446 ediderat
319 2415 439 2447 Heius.
454 2416 523 2453 fuit
541 2425 625 2447 unus
642 2415 763 2447 Heius.
779 2415 871 2447 (labat
897 2415 1057 2448 Heidelb.
1073 2422 1109 2448 et
1135 2420 1205 2448 tres
1221 2416 1297 2455 alii3
1323 2416 1472 2448 Berofin.
1498 2417 1595 2449 dedit.

795 2502 934 2535 NOTAE

183 2579 242 2606 707
262 2575 356 2617 Vota]
371 2575 565 2616 Quibus,ut
582 2586 688 2617 puero
702 2586 839 2618 augere-
936 2580 998 2609 710
1034 2577 1172 2618 Dictoeo]
1209 2577 1367 2610 Cretensi
1384 2587 1393 2616 3
1432 2587 1453 2609 a
1473 2578 1590 2620 Dicte,

140 2634 207 2662 tur,
226 2626 301 2657 Diis
317 2635 391 2658 sese
406 2626 645 2658 obstrinxerat.
892 2628 1005 2659 Cretae
1021 2633 1146 2661 monte.

182 2682 243 2709 709
268 2679 449 2719 Commune]
474 2678 572 2711 Quod
599 2678 729 2720 pariter
753 2688 835 2711 mas-
933 2681 995 2710 720
1029 2679 1166 2721 Dispar]
1202 2679 1289 2713 Quia
1319 2689 1355 2711 se
1385 2672 1448 2711 viri
1474 2684 1590 2722 partes

138 2729 222 2759 culis
239 2735 273 2761 et
291 2729 434 2762 soeminis
451 2730 577 2771 imponi
594 2734 719 2771 posset.
892 2730 977 2761 tucri
1009 2739 1107 2771 posse
1145 2729 1240 2772 lphis
1279 2727 1457 2762 diffidebat
1518 2729 1590 2762 viro
