<?xml version="1.0" encoding="UTF-8"?>
<!DOCTYPE html PUBLIC "-//W3C//DTD XHTML 1.0 Transitional//EN"
    "http://www.w3.org/TR/xhtml1/DTD/xhtml1-transitional.dtd">
<html xmlns="http://www.w3.org/1999/xhtml" xml:lang="en" lang="en">
 <head>
  <title>
</title>
<meta http-equiv="Content-Type" content="text/html;charset=utf-8" />
  <meta name='ocr-system' content='tesseract 3.04.00' />
  <meta name='ocr-capabilities' content='ocr_page ocr_carea ocr_par ocr_line ocrx_word'/>
</head>
<body>
  <div class='ocr_page' id='page_1' title='image "./operaomniaexedit03oviduoft_0335.png"; bbox 0 0 1831 3023; ppageno 0'>
   <div class='ocr_carea' id='block_1_1' title="bbox 549 194 1629 236">
    <p class='ocr_par' dir='ltr' id='par_1_1' title="bbox 549 194 1629 236">
     <span class='ocr_line' id='line_1_1' title="bbox 549 194 1629 236; baseline -0.001 -4"><span class='ocrx_word' id='word_1_1' title='bbox 549 197 1018 232; x_wconf 77' lang='lat' dir='ltr'>METAMORPHOSEON</span> <span class='ocrx_word' id='word_1_2' title='bbox 1054 199 1148 231; x_wconf 72' lang='lat' dir='ltr'><strong>nin.</strong></span> <span class='ocrx_word' id='word_1_3' title='bbox 1182 201 1254 231; x_wconf 78' lang='lat' dir='ltr'><strong>ix.</strong></span> <span class='ocrx_word' id='word_1_4' title='bbox 1515 194 1629 236; x_wconf 84' lang='lat'>1399</span> 
     </span>
    </p>
   </div>
   <div class='ocr_carea' id='block_1_2' title="bbox 179 293 1481 1088">
    <p class='ocr_par' dir='ltr' id='par_1_2' title="bbox 179 293 1440 418">
     <span class='ocr_line' id='line_1_2' title="bbox 179 293 1440 351; baseline -0.001 -13"><span class='ocrx_word' id='word_1_5' title='bbox 179 296 411 351; x_wconf 68' lang='lat' dir='ltr'><strong>Sis-traque</strong></span> <span class='ocrx_word' id='word_1_6' title='bbox 429 299 563 345; x_wconf 88' lang='lat' dir='ltr'><strong>erant,</strong></span> <span class='ocrx_word' id='word_1_7' title='bbox 583 305 890 347; x_wconf 85' lang='lat' dir='ltr'><strong>nunquamque</strong></span> <span class='ocrx_word' id='word_1_8' title='bbox 910 293 1020 334; x_wconf 87' lang='lat' dir='ltr'><strong>satis</strong></span> <span class='ocrx_word' id='word_1_9' title='bbox 1042 294 1258 347; x_wconf 80' lang='lat' dir='ltr'><strong>quaesitus</strong></span> <span class='ocrx_word' id='word_1_10' title='bbox 1282 295 1440 346; x_wconf 83' lang='lat' dir='ltr'><strong>OsiriS‚</strong></span> 
     </span>
     <span class='ocr_line' id='line_1_3' title="bbox 181 360 1282 418; baseline -0.002 -14"><span class='ocrx_word' id='word_1_11' title='bbox 181 363 406 418; x_wconf 84' lang='lat' dir='ltr'><strong>Plenaque</strong></span> <span class='ocrx_word' id='word_1_12' title='bbox 424 360 646 403; x_wconf 90' lang='lat' dir='ltr'><strong>somniferi</strong></span> <span class='ocrx_word' id='word_1_13' title='bbox 666 372 845 413; x_wconf 91' lang='lat' dir='ltr'><strong>serpens</strong></span> <span class='ocrx_word' id='word_1_14' title='bbox 867 361 1091 414; x_wconf 82' lang='lat' dir='ltr'><strong>peregrina</strong></span> <span class='ocrx_word' id='word_1_15' title='bbox 1110 361 1282 402; x_wconf 89' lang='lat' dir='ltr'><strong>veneni.</strong></span> 
     </span>
    </p>

    <p class='ocr_par' dir='ltr' id='par_1_3' title="bbox 180 426 1449 618">
     <span class='ocr_line' id='line_1_4' title="bbox 180 426 1449 480; baseline -0.002 -8"><span class='ocrx_word' id='word_1_16' title='bbox 180 429 308 480; x_wconf 89' lang='lat' dir='ltr'><strong>Cum,</strong></span> <span class='ocrx_word' id='word_1_17' title='bbox 328 431 448 471; x_wconf 87' lang='lat' dir='ltr'><strong>velut</strong></span> <span class='ocrx_word' id='word_1_18' title='bbox 467 440 704 470; x_wconf 82' lang='lat' dir='ltr'><strong>excussam</strong></span> <span class='ocrx_word' id='word_1_19' title='bbox 725 440 891 477; x_wconf 90' lang='lat' dir='ltr'><strong>somno,</strong></span> <span class='ocrx_word' id='word_1_20' title='bbox 912 433 956 470; x_wconf 90' lang='lat' dir='ltr'><strong>et</strong></span> <span class='ocrx_word' id='word_1_21' title='bbox 973 426 1210 469; x_wconf 86' lang='lat' dir='ltr'><strong>manifesta</strong></span> <span class='ocrx_word' id='word_1_22' title='bbox 1228 427 1449 470; x_wconf 86' lang='lat' dir='ltr'><strong>videntem</strong></span> 
     </span>
     <span class='ocr_line' id='line_1_5' title="bbox 181 494 1348 548; baseline -0.002 -10"><span class='ocrx_word' id='word_1_23' title='bbox 181 497 257 538; x_wconf 92' lang='lat' dir='ltr'><strong>Sic</strong></span> <span class='ocrx_word' id='word_1_24' title='bbox 279 497 411 538; x_wconf 87' lang='lat' dir='ltr'><strong>affata</strong></span> <span class='ocrx_word' id='word_1_25' title='bbox 431 496 527 538; x_wconf 90' lang='lat' dir='ltr'><strong>Dea</strong></span> <span class='ocrx_word' id='word_1_26' title='bbox 549 501 643 536; x_wconf 87' lang='lat' dir='ltr'><strong>est:</strong></span> <span class='ocrx_word' id='word_1_27' title='bbox 675 494 800 544; x_wconf 82' lang='lat' dir='ltr'><strong>Pars,</strong></span> <span class='ocrx_word' id='word_1_28' title='bbox 824 509 850 536; x_wconf 93' lang='grc' dir='ltr'>ο</span> <span class='ocrx_word' id='word_1_29' title='bbox 872 495 1122 546; x_wconf 84' lang='lat' dir='ltr'><strong>Telethusa,</strong></span> <span class='ocrx_word' id='word_1_30' title='bbox 1142 508 1348 548; x_wconf 88' lang='lat' dir='ltr'><strong>mearum,</strong></span> 
     </span>
     <span class='ocr_line' id='line_1_6' title="bbox 180 562 1281 618; baseline -0.001 -14"><span class='ocrx_word' id='word_1_31' title='bbox 180 563 306 606; x_wconf 92' lang='lat' dir='ltr'><strong>Pone</strong></span> <span class='ocrx_word' id='word_1_32' title='bbox 324 576 478 618; x_wconf 76' lang='lat' dir='ltr'><strong>graves</strong></span> <span class='ocrx_word' id='word_1_33' title='bbox 499 575 652 613; x_wconf 88' lang='lat' dir='ltr'><strong>curas;</strong></span> <span class='ocrx_word' id='word_1_34' title='bbox 683 562 977 617; x_wconf 87' lang='lat' dir='ltr'><strong>mandataque</strong></span> <span class='ocrx_word' id='word_1_35' title='bbox 997 564 1099 604; x_wconf 84' lang='lat' dir='ltr'><strong>salle</strong></span> <span class='ocrx_word' id='word_1_36' title='bbox 1119 563 1281 605; x_wconf 88' lang='lat' dir='ltr'><strong>mariti.</strong></span> 
     </span>
    </p>

    <p class='ocr_par' dir='ltr' id='par_1_4' title="bbox 181 629 1183 683">
     <span class='ocr_line' id='line_1_7' title="bbox 181 629 1183 683; baseline 0 -12"><span class='ocrx_word' id='word_1_37' title='bbox 181 630 281 672; x_wconf 90' lang='lat' dir='ltr'><strong>Nec</strong></span> <span class='ocrx_word' id='word_1_38' title='bbox 302 630 465 679; x_wconf 88' lang='lat' dir='ltr'><strong>dubita,</strong></span> <span class='ocrx_word' id='word_1_39' title='bbox 492 642 591 670; x_wconf 90' lang='lat' dir='ltr'><strong>cum</strong></span> <span class='ocrx_word' id='word_1_40' title='bbox 611 633 652 669; x_wconf 82' lang='lat' dir='ltr'><strong>te</strong></span> <span class='ocrx_word' id='word_1_41' title='bbox 672 634 801 683; x_wconf 85' lang='lat' dir='ltr'><strong>partu</strong></span> <span class='ocrx_word' id='word_1_42' title='bbox 824 629 993 670; x_wconf 90' lang='lat' dir='ltr'><strong>Lucina</strong></span> <span class='ocrx_word' id='word_1_43' title='bbox 1011 630 1183 679; x_wconf 82' lang='lat' dir='ltr'><strong>levarit,</strong></span> 
     </span>
    </p>

    <p class='ocr_par' dir='ltr' id='par_1_5' title="bbox 179 696 1481 818">
     <span class='ocr_line' id='line_1_8' title="bbox 179 696 1481 757; baseline 0 -20"><span class='ocrx_word' id='word_1_44' title='bbox 179 696 350 757; x_wconf 55' lang='lat' dir='ltr'><strong>&#39;IJollere</strong></span> <span class='ocrx_word' id='word_1_45' title='bbox 370 696 582 750; x_wconf 88' lang='lat' dir='ltr'><strong>quicquid</strong></span> <span class='ocrx_word' id='word_1_46' title='bbox 604 696 701 737; x_wconf 86' lang='lat' dir='ltr'><strong>erit.</strong></span> <span class='ocrx_word' id='word_1_47' title='bbox 762 696 863 737; x_wconf 89' lang='lat' dir='ltr'><strong>Dea</strong></span> <span class='ocrx_word' id='word_1_48' title='bbox 883 709 979 737; x_wconf 88' lang='lat' dir='ltr'><strong>sum</strong></span> <span class='ocrx_word' id='word_1_49' title='bbox 1000 697 1242 747; x_wconf 78' lang='lat' dir='ltr'><strong>auxiliaris,</strong></span> <span class='ocrx_word' id='word_1_50' title='bbox 1265 709 1481 751; x_wconf 87' lang='lat' dir='ltr'><strong>opemque</strong></span> 
     </span>
     <span class='ocr_line' id='line_1_9' title="bbox 181 762 1157 818; baseline 0.002 -15"><span class='ocrx_word' id='word_1_51' title='bbox 181 762 377 804; x_wconf 80' lang='lat' dir='ltr'><strong>Exorata</strong></span> <span class='ocrx_word' id='word_1_52' title='bbox 395 763 503 804; x_wconf 83' lang='lat' dir='ltr'><strong>fero.</strong></span> <span class='ocrx_word' id='word_1_53' title='bbox 565 762 662 804; x_wconf 82' lang='lat' dir='ltr'><strong>Nec</strong></span> <span class='ocrx_word' id='word_1_54' title='bbox 682 768 727 803; x_wconf 83' lang='lat' dir='ltr'><strong>te</strong></span> <span class='ocrx_word' id='word_1_55' title='bbox 749 762 939 804; x_wconf 86' lang='lat' dir='ltr'><strong>coluisse</strong></span> <span class='ocrx_word' id='word_1_56' title='bbox 961 765 1157 818; x_wconf 86' lang='lat' dir='ltr'><strong>quereris</strong></span> 
     </span>
    </p>

    <p class='ocr_par' dir='ltr' id='par_1_6' title="bbox 181 830 1389 1088">
     <span class='ocr_line' id='line_1_10' title="bbox 182 830 1373 886; baseline 0.003 -16"><span class='ocrx_word' id='word_1_57' title='bbox 182 830 408 883; x_wconf 87' lang='lat' dir='ltr'><strong>Ingratum</strong></span> <span class='ocrx_word' id='word_1_58' title='bbox 427 844 603 872; x_wconf 91' lang='lat' dir='ltr'><strong>numen.</strong></span> <span class='ocrx_word' id='word_1_59' title='bbox 665 831 853 880; x_wconf 83' lang='lat' dir='ltr'><strong>Monuit,</strong></span> <span class='ocrx_word' id='word_1_60' title='bbox 875 832 1157 886; x_wconf 75' lang='lat' dir='ltr'><strong>thalamoque</strong></span> <span class='ocrx_word' id='word_1_61' title='bbox 1176 834 1373 874; x_wconf 84' lang='lat' dir='ltr'><strong>recessit.</strong></span> 
     </span>
     <span class='ocr_line' id='line_1_11' title="bbox 181 897 1288 954; baseline 0.002 -15"><span class='ocrx_word' id='word_1_62' title='bbox 181 897 309 939; x_wconf 85' lang='lat' dir='ltr'><strong>Laeta</strong></span> <span class='ocrx_word' id='word_1_63' title='bbox 329 902 425 940; x_wconf 89' lang='lat' dir='ltr'><strong>toro</strong></span> <span class='ocrx_word' id='word_1_64' title='bbox 446 899 594 952; x_wconf 85' lang='lat' dir='ltr'><strong>surgit,</strong></span> <span class='ocrx_word' id='word_1_65' title='bbox 614 912 838 952; x_wconf 87' lang='lat' dir='ltr'><strong>purasque</strong></span> <span class='ocrx_word' id='word_1_66' title='bbox 860 899 917 939; x_wconf 87' lang='lat' dir='ltr'><strong>ad</strong></span> <span class='ocrx_word' id='word_1_67' title='bbox 938 899 1080 941; x_wconf 87' lang='lat' dir='ltr'><strong>sidera</strong></span> <span class='ocrx_word' id='word_1_68' title='bbox 1098 901 1288 954; x_wconf 82' lang='lat' dir='ltr'><strong>supplex</strong></span> 
     </span>
     <span class='ocr_line' id='line_1_12' title="bbox 182 963 1389 1020; baseline 0.002 -15"><span class='ocrx_word' id='word_1_69' title='bbox 182 963 344 1006; x_wconf 87' lang='lat' dir='ltr'><strong>Cressa</strong></span> <span class='ocrx_word' id='word_1_70' title='bbox 364 979 520 1007; x_wconf 92' lang='lat' dir='ltr'><strong>manus</strong></span> <span class='ocrx_word' id='word_1_71' title='bbox 540 966 717 1016; x_wconf 85' lang='lat' dir='ltr'><strong>tollenS‚</strong></span> <span class='ocrx_word' id='word_1_72' title='bbox 737 971 832 1007; x_wconf 84' lang='lat' dir='ltr'><strong>rata</strong></span> <span class='ocrx_word' id='word_1_73' title='bbox 852 967 938 1007; x_wconf 91' lang='lat' dir='ltr'><strong>sint</strong></span> <span class='ocrx_word' id='word_1_74' title='bbox 958 979 1039 1007; x_wconf 87' lang='lat' dir='ltr'><strong>sua</strong></span> <span class='ocrx_word' id='word_1_75' title='bbox 1054 967 1151 1007; x_wconf 85' lang='lat' dir='ltr'><strong>visa</strong></span> <span class='ocrx_word' id='word_1_76' title='bbox 1169 972 1389 1020; x_wconf 87' lang='lat' dir='ltr'><strong>precatur.</strong></span> 
     </span>
     <span class='ocr_line' id='line_1_13' title="bbox 184 1031 1350 1088; baseline 0.003 -16"><span class='ocrx_word' id='word_1_77' title='bbox 184 1031 250 1072; x_wconf 83' lang='lat' dir='ltr'><strong>Ut</strong></span> <span class='ocrx_word' id='word_1_78' title='bbox 269 1032 397 1075; x_wconf 92' lang='lat' dir='ltr'><strong>dolor</strong></span> <span class='ocrx_word' id='word_1_79' title='bbox 417 1034 617 1083; x_wconf 85' lang='lat' dir='ltr'><strong>increvit,</strong></span> <span class='ocrx_word' id='word_1_80' title='bbox 639 1046 776 1088; x_wconf 90' lang='lat' dir='ltr'><strong>seque</strong></span> <span class='ocrx_word' id='word_1_81' title='bbox 797 1034 945 1087; x_wconf 89' lang='lat' dir='ltr'><strong>ipsum</strong></span> <span class='ocrx_word' id='word_1_82' title='bbox 966 1034 1137 1088; x_wconf 86' lang='lat' dir='ltr'><strong>pondus</strong></span> <span class='ocrx_word' id='word_1_83' title='bbox 1157 1035 1200 1075; x_wconf 88' lang='lat' dir='ltr'><strong>in</strong></span> <span class='ocrx_word' id='word_1_84' title='bbox 1221 1047 1350 1075; x_wconf 86' lang='lat' dir='ltr'><strong>auras</strong></span> 
     </span>
    </p>
   </div>
   <div class='ocr_carea' id='block_1_3' title="bbox 1548 495 1634 538">
    <p class='ocr_par' dir='ltr' id='par_1_7' title="bbox 1548 495 1634 538">
     <span class='ocr_line' id='line_1_14' title="bbox 1548 495 1634 538; baseline -0.012 0"><span class='ocrx_word' id='word_1_85' title='bbox 1548 495 1634 538; x_wconf 84' lang='lat'><strong>695</strong></span> 
     </span>
    </p>
   </div>
   <div class='ocr_carea' id='block_1_4' title="bbox 1553 830 1640 873">
    <p class='ocr_par' dir='ltr' id='par_1_8' title="bbox 1553 830 1640 873">
     <span class='ocr_line' id='line_1_15' title="bbox 1553 830 1640 873; baseline -0.011 0"><span class='ocrx_word' id='word_1_86' title='bbox 1553 830 1640 873; x_wconf 89' lang='grc'><strong>700</strong></span> 
     </span>
    </p>
   </div>
   <div class='ocr_carea' id='block_1_5' title="bbox 181 1173 1648 1426">
    <p class='ocr_par' dir='ltr' id='par_1_9' title="bbox 181 1173 1648 1426">
     <span class='ocr_line' id='line_1_16' title="bbox 184 1173 1644 1217; baseline 0.001 -13"><span class='ocrx_word' id='word_1_87' title='bbox 184 1173 227 1204; x_wconf 77' lang='lat' dir='ltr'><strong>cit</strong></span> <span class='ocrx_word' id='word_1_88' title='bbox 238 1183 351 1214; x_wconf 71' lang='lat' dir='ltr'><strong>rocem,</strong></span> <span class='ocrx_word' id='word_1_89' title='bbox 373 1179 403 1206; x_wconf 80' lang='lat' dir='ltr'><strong>et</strong></span> <span class='ocrx_word' id='word_1_90' title='bbox 418 1176 548 1206; x_wconf 58' lang='lat' dir='ltr'><strong>con-tulit</strong></span> <span class='ocrx_word' id='word_1_91' title='bbox 557 1176 681 1207; x_wconf 76' lang='lat' dir='ltr'><strong>silentia</strong></span> <span class='ocrx_word' id='word_1_92' title='bbox 696 1176 809 1215; x_wconf 81' lang='lat' dir='ltr'><strong>digito.</strong></span> <span class='ocrx_word' id='word_1_93' title='bbox 847 1176 951 1207; x_wconf 74' lang='lat' dir='ltr'><strong>Sistra</strong></span> <span class='ocrx_word' id='word_1_94' title='bbox 962 1177 1086 1217; x_wconf 73' lang='lat' dir='ltr'><strong>insuper</strong></span> <span class='ocrx_word' id='word_1_95' title='bbox 1095 1176 1237 1215; x_wconf 81' lang='lat' dir='ltr'><strong>aderant,</strong></span> <span class='ocrx_word' id='word_1_96' title='bbox 1247 1179 1275 1207; x_wconf 85' lang='lat' dir='ltr'><strong>et</strong></span> <span class='ocrx_word' id='word_1_97' title='bbox 1290 1176 1391 1207; x_wconf 76' lang='lat' dir='ltr'><strong>Osiris</strong></span> <span class='ocrx_word' id='word_1_98' title='bbox 1402 1184 1556 1216; x_wconf 82' lang='lat' dir='ltr'><strong>nunquam</strong></span> <span class='ocrx_word' id='word_1_99' title='bbox 1566 1174 1644 1206; x_wconf 70' lang='lat' dir='ltr'><strong>satis</strong></span> 
     </span>
     <span class='ocr_line' id='line_1_17' title="bbox 183 1217 1645 1260; baseline 0.001 -14"><span class='ocrx_word' id='word_1_100' title='bbox 183 1217 343 1256; x_wconf 62' lang='lat' dir='ltr'><strong>quaesitus,</strong></span> <span class='ocrx_word' id='word_1_101' title='bbox 353 1222 382 1248; x_wconf 89' lang='lat' dir='ltr'><strong>et</strong></span> <span class='ocrx_word' id='word_1_102' title='bbox 393 1220 504 1258; x_wconf 72' lang='lat' dir='ltr'><strong>anguis</strong></span> <span class='ocrx_word' id='word_1_103' title='bbox 514 1223 662 1249; x_wconf 72' lang='lat' dir='ltr'><strong>extranea</strong></span> <span class='ocrx_word' id='word_1_104' title='bbox 673 1220 801 1258; x_wconf 80' lang='lat' dir='ltr'><strong>turgida</strong></span> <span class='ocrx_word' id='word_1_105' title='bbox 814 1229 925 1250; x_wconf 73' lang='lat' dir='ltr'><strong>veneno</strong></span> <span class='ocrx_word' id='word_1_106' title='bbox 937 1219 1115 1260; x_wconf 82' lang='lat' dir='ltr'><strong>soporifero.</strong></span> <span class='ocrx_word' id='word_1_107' title='bbox 1136 1219 1213 1249; x_wconf 82' lang='lat' dir='ltr'><strong>Cum</strong></span> <span class='ocrx_word' id='word_1_108' title='bbox 1222 1219 1292 1250; x_wconf 84' lang='lat' dir='ltr'><strong>Dea</strong></span> <span class='ocrx_word' id='word_1_109' title='bbox 1301 1219 1346 1249; x_wconf 77' lang='lat' dir='ltr'><strong>sic</strong></span> <span class='ocrx_word' id='word_1_110' title='bbox 1353 1219 1484 1249; x_wconf 82' lang='lat' dir='ltr'><strong>allocuta</strong></span> <span class='ocrx_word' id='word_1_111' title='bbox 1496 1221 1540 1249; x_wconf 85' lang='lat' dir='ltr'><strong>est</strong></span> <span class='ocrx_word' id='word_1_112' title='bbox 1548 1217 1645 1248; x_wconf 74' lang='lat' dir='ltr'><strong>veluti</strong></span> 
     </span>
     <span class='ocr_line' id='line_1_18' title="bbox 181 1261 1646 1301; baseline 0.001 -12"><span class='ocrx_word' id='word_1_113' title='bbox 181 1265 404 1301; x_wconf 68' lang='lat' dir='ltr'><strong>expet-rectam,</strong></span> <span class='ocrx_word' id='word_1_114' title='bbox 413 1265 502 1301; x_wconf 86' lang='lat' dir='ltr'><strong>atque</strong></span> <span class='ocrx_word' id='word_1_115' title='bbox 510 1261 675 1292; x_wconf 78' lang='lat' dir='ltr'><strong>intuentem</strong></span> <span class='ocrx_word' id='word_1_116' title='bbox 684 1262 835 1292; x_wconf 77' lang='lat' dir='ltr'><strong>evidentia</strong></span> <span class='ocrx_word' id='word_1_117' title='bbox 848 1273 857 1292; x_wconf 91' lang='lat'><strong>.·</strong></span> <span class='ocrx_word' id='word_1_118' title='bbox 873 1263 902 1292; x_wconf 94' lang='grc' dir='ltr'><strong>Ο</strong></span> <span class='ocrx_word' id='word_1_119' title='bbox 913 1263 1089 1300; x_wconf 78' lang='lat' dir='ltr'><strong>Telethusa,</strong></span> <span class='ocrx_word' id='word_1_120' title='bbox 1099 1271 1171 1301; x_wconf 81' lang='lat' dir='ltr'><strong>pars</strong></span> <span class='ocrx_word' id='word_1_121' title='bbox 1179 1271 1325 1299; x_wconf 85' lang='lat' dir='ltr'><strong>mearum,</strong></span> <span class='ocrx_word' id='word_1_122' title='bbox 1333 1263 1441 1292; x_wconf 83' lang='lat' dir='ltr'><strong>omitte</strong></span> <span class='ocrx_word' id='word_1_123' title='bbox 1450 1261 1591 1291; x_wconf 74' lang='lat' dir='ltr'><strong>molestas</strong></span> <span class='ocrx_word' id='word_1_124' title='bbox 1597 1269 1646 1290; x_wconf 78' lang='lat' dir='ltr'><strong>so·</strong></span> 
     </span>
     <span class='ocr_line' id='line_1_19' title="bbox 184 1300 1646 1345; baseline 0.001 -14"><span class='ocrx_word' id='word_1_125' title='bbox 184 1300 372 1342; x_wconf 79' lang='lat' dir='ltr'><strong>licitudines,</strong></span> <span class='ocrx_word' id='word_1_126' title='bbox 385 1308 475 1344; x_wconf 76' lang='lat' dir='ltr'><strong>utque</strong></span> <span class='ocrx_word' id='word_1_127' title='bbox 491 1304 673 1343; x_wconf 72' lang='lat' dir='ltr'><strong>eludejussa</strong></span> <span class='ocrx_word' id='word_1_128' title='bbox 684 1304 745 1335; x_wconf 70' lang='lat' dir='ltr'><strong>ciri</strong></span> <span class='ocrx_word' id='word_1_129' title='bbox 757 1315 766 1335; x_wconf 88' lang='lat'><strong>.·</strong></span> <span class='ocrx_word' id='word_1_130' title='bbox 780 1314 874 1345; x_wconf 78' lang='lat' dir='ltr'><strong>neque</strong></span> <span class='ocrx_word' id='word_1_131' title='bbox 883 1308 1045 1335; x_wconf 78' lang='lat' dir='ltr'><strong>cunctator</strong></span> <span class='ocrx_word' id='word_1_132' title='bbox 1059 1306 1185 1335; x_wconf 83' lang='lat' dir='ltr'><strong>educere</strong></span> <span class='ocrx_word' id='word_1_133' title='bbox 1199 1304 1340 1344; x_wconf 81' lang='lat' dir='ltr'><strong>quicquid</strong></span> <span class='ocrx_word' id='word_1_134' title='bbox 1355 1304 1429 1342; x_wconf 80' lang='lat' dir='ltr'><strong>erit,</strong></span> <span class='ocrx_word' id='word_1_135' title='bbox 1443 1313 1510 1334; x_wconf 81' lang='lat' dir='ltr'><strong>cum</strong></span> <span class='ocrx_word' id='word_1_136' title='bbox 1525 1302 1646 1333; x_wconf 70' lang='lat' dir='ltr'><strong>Lucina</strong></span> 
     </span>
     <span class='ocr_line' id='line_1_20' title="bbox 185 1344 1647 1386; baseline 0 -12"><span class='ocrx_word' id='word_1_137' title='bbox 185 1346 218 1374; x_wconf 80' lang='lat' dir='ltr'><strong>te</strong></span> <span class='ocrx_word' id='word_1_138' title='bbox 226 1344 388 1376; x_wconf 74' lang='lat' dir='ltr'><strong>absolverit</strong></span> <span class='ocrx_word' id='word_1_139' title='bbox 397 1356 415 1376; x_wconf 87' lang='lat' dir='ltr'><strong>a</strong></span> <span class='ocrx_word' id='word_1_140' title='bbox 426 1350 532 1385; x_wconf 82' lang='lat' dir='ltr'><strong>partu.</strong></span> <span class='ocrx_word' id='word_1_141' title='bbox 555 1346 631 1377; x_wconf 82' lang='lat' dir='ltr'><strong>Sum</strong></span> <span class='ocrx_word' id='word_1_142' title='bbox 641 1346 711 1377; x_wconf 87' lang='lat' dir='ltr'><strong>Dea</strong></span> <span class='ocrx_word' id='word_1_143' title='bbox 723 1347 854 1386; x_wconf 62' lang='lat' dir='ltr'><strong>opifera,</strong></span> <span class='ocrx_word' id='word_1_144' title='bbox 870 1350 962 1386; x_wconf 79' lang='lat' dir='ltr'><strong>atque</strong></span> <span class='ocrx_word' id='word_1_145' title='bbox 971 1346 1126 1376; x_wconf 71' lang='lat' dir='ltr'><strong>auxilium</strong></span> <span class='ocrx_word' id='word_1_146' title='bbox 1137 1346 1260 1386; x_wconf 82' lang='lat' dir='ltr'><strong>praebeo</strong></span> <span class='ocrx_word' id='word_1_147' title='bbox 1268 1345 1405 1385; x_wconf 81' lang='lat' dir='ltr'><strong>propitia</strong></span> <span class='ocrx_word' id='word_1_148' title='bbox 1417 1356 1426 1375; x_wconf 84' lang='grc'><strong>.-</strong></span> <span class='ocrx_word' id='word_1_149' title='bbox 1438 1355 1532 1385; x_wconf 81' lang='lat' dir='ltr'><strong>neque</strong></span> <span class='ocrx_word' id='word_1_150' title='bbox 1542 1344 1647 1383; x_wconf 84' lang='lat' dir='ltr'><strong>indig-</strong></span> 
     </span>
     <span class='ocr_line' id='line_1_21' title="bbox 185 1385 1648 1426; baseline 0.001 -10"><span class='ocrx_word' id='word_1_151' title='bbox 185 1385 306 1417; x_wconf 75' lang='lat' dir='ltr'><strong>naberis</strong></span> <span class='ocrx_word' id='word_1_152' title='bbox 321 1391 351 1418; x_wconf 84' lang='lat' dir='ltr'><strong>te</strong></span> <span class='ocrx_word' id='word_1_153' title='bbox 365 1388 528 1419; x_wconf 73' lang='lat' dir='ltr'><strong>honorasse</strong></span> <span class='ocrx_word' id='word_1_154' title='bbox 543 1388 702 1426; x_wconf 79' lang='lat' dir='ltr'><strong>ingratam</strong></span> <span class='ocrx_word' id='word_1_155' title='bbox 718 1388 834 1418; x_wconf 89' lang='lat' dir='ltr'><strong>Deam.</strong></span> <span class='ocrx_word' id='word_1_156' title='bbox 878 1389 1006 1418; x_wconf 80' lang='lat' dir='ltr'><strong>Monuit</strong></span> <span class='ocrx_word' id='word_1_157' title='bbox 1020 1391 1052 1417; x_wconf 86' lang='lat' dir='ltr'><strong>et</strong></span> <span class='ocrx_word' id='word_1_158' title='bbox 1073 1389 1206 1418; x_wconf 74' lang='lat' dir='ltr'><strong>excessit</strong></span> <span class='ocrx_word' id='word_1_159' title='bbox 1220 1388 1365 1418; x_wconf 81' lang='lat' dir='ltr'><strong>cubiculo.</strong></span> <span class='ocrx_word' id='word_1_160' title='bbox 1405 1387 1566 1418; x_wconf 72' lang='lat' dir='ltr'><strong>Cretensis</strong></span> <span class='ocrx_word' id='word_1_161' title='bbox 1573 1387 1648 1417; x_wconf 83' lang='lat' dir='ltr'><strong>laeta</strong></span> 
     </span>
    </p>
   </div>
   <div class='ocr_carea' id='block_1_6' title="bbox 183 1428 1648 1513">
    <p class='ocr_par' dir='ltr' id='par_1_10' title="bbox 183 1428 1648 1513">
     <span class='ocr_line' id='line_1_22' title="bbox 185 1428 1648 1470; baseline 0.001 -13"><span class='ocrx_word' id='word_1_162' title='bbox 185 1429 329 1467; x_wconf 72' lang='lat' dir='ltr'><strong>exsurgit</strong></span> <span class='ocrx_word' id='word_1_163' title='bbox 355 1430 443 1468; x_wconf 83' lang='lat' dir='ltr'><strong>lecto,</strong></span> <span class='ocrx_word' id='word_1_164' title='bbox 460 1433 550 1470; x_wconf 84' lang='lat' dir='ltr'><strong>atque</strong></span> <span class='ocrx_word' id='word_1_165' title='bbox 572 1431 701 1469; x_wconf 76' lang='lat' dir='ltr'><strong>supplex</strong></span> <span class='ocrx_word' id='word_1_166' title='bbox 724 1431 890 1470; x_wconf 75' lang='lat' dir='ltr'><strong>porrigens</strong></span> <span class='ocrx_word' id='word_1_167' title='bbox 915 1431 1088 1461; x_wconf 79' lang='lat' dir='ltr'><strong>innocentes</strong></span> <span class='ocrx_word' id='word_1_168' title='bbox 1114 1439 1220 1461; x_wconf 81' lang='lat' dir='ltr'><strong>manus</strong></span> <span class='ocrx_word' id='word_1_169' title='bbox 1245 1431 1285 1460; x_wconf 88' lang='lat' dir='ltr'><strong>ad</strong></span> <span class='ocrx_word' id='word_1_170' title='bbox 1306 1433 1405 1468; x_wconf 84' lang='lat' dir='ltr'><strong>astra,</strong></span> <span class='ocrx_word' id='word_1_171' title='bbox 1427 1432 1496 1460; x_wconf 82' lang='lat' dir='ltr'><strong>orat</strong></span> <span class='ocrx_word' id='word_1_172' title='bbox 1511 1438 1566 1460; x_wconf 82' lang='lat' dir='ltr'><strong>sua</strong></span> <span class='ocrx_word' id='word_1_173' title='bbox 1580 1428 1648 1459; x_wconf 69' lang='lat' dir='ltr'><strong>cisa</strong></span> 
     </span>
     <span class='ocr_line' id='line_1_23' title="bbox 183 1469 1647 1513; baseline 0.001 -13"><span class='ocrx_word' id='word_1_174' title='bbox 183 1469 375 1512; x_wconf 70' lang='lat' dir='ltr'><strong>sintfirma.·</strong></span> <span class='ocrx_word' id='word_1_175' title='bbox 411 1472 453 1503; x_wconf 87' lang='lat' dir='ltr'><strong>Ut</strong></span> <span class='ocrx_word' id='word_1_176' title='bbox 465 1473 552 1503; x_wconf 81' lang='lat' dir='ltr'><strong>dolor</strong></span> <span class='ocrx_word' id='word_1_177' title='bbox 567 1475 676 1503; x_wconf 79' lang='lat' dir='ltr'><strong>auctus</strong></span> <span class='ocrx_word' id='word_1_178' title='bbox 690 1475 749 1512; x_wconf 78' lang='lat' dir='ltr'><strong>est,</strong></span> <span class='ocrx_word' id='word_1_179' title='bbox 765 1475 858 1513; x_wconf 83' lang='lat' dir='ltr'><strong>atque</strong></span> <span class='ocrx_word' id='word_1_180' title='bbox 874 1472 973 1512; x_wconf 74' lang='lat' dir='ltr'><strong>ipsum</strong></span> <span class='ocrx_word' id='word_1_181' title='bbox 985 1482 1061 1503; x_wconf 83' lang='lat' dir='ltr'><strong>onus</strong></span> <span class='ocrx_word' id='word_1_182' title='bbox 1074 1482 1138 1504; x_wconf 80' lang='lat' dir='ltr'><strong>sese</strong></span> <span class='ocrx_word' id='word_1_183' title='bbox 1151 1472 1310 1513; x_wconf 81' lang='lat' dir='ltr'><strong>protrudit</strong></span> <span class='ocrx_word' id='word_1_184' title='bbox 1326 1472 1359 1503; x_wconf 83' lang='lat' dir='ltr'><strong>in</strong></span> <span class='ocrx_word' id='word_1_185' title='bbox 1375 1472 1489 1513; x_wconf 65' lang='lat' dir='ltr'><strong>aerem,</strong></span> <span class='ocrx_word' id='word_1_186' title='bbox 1502 1475 1532 1503; x_wconf 88' lang='lat' dir='ltr'><strong>et</strong></span> <span class='ocrx_word' id='word_1_187' title='bbox 1545 1472 1647 1513; x_wconf 83' lang='lat' dir='ltr'><strong>puella</strong></span> 
     </span>
    </p>
   </div>
   <div class='ocr_carea' id='block_1_7' title="bbox 802 1557 1032 1570">
    <p class='ocr_par' dir='ltr' id='par_1_11' title="bbox 802 1557 1032 1570">
     <span class='ocr_line' id='line_1_24' title="bbox 802 1557 1032 1570; baseline 0 -1"><span class='ocrx_word' id='word_1_188' title='bbox 802 1557 1032 1570; x_wconf 56' lang='lat' dir='ltr'><strong>“eumn</strong></span> 
     </span>
    </p>
   </div>
   <div class='ocr_carea' id='block_1_8' title="bbox 186 1621 1653 1835">
    <p class='ocr_par' dir='ltr' id='par_1_12' title="bbox 186 1621 1653 1835">
     <span class='ocr_line' id='line_1_25' title="bbox 186 1621 1653 1665; baseline 0 -11"><span class='ocrx_word' id='word_1_189' title='bbox 186 1622 307 1654; x_wconf 83' lang='lat' dir='ltr'><strong>Heius.</strong></span> <span class='ocrx_word' id='word_1_190' title='bbox 318 1624 478 1664; x_wconf 67' lang='lat' dir='ltr'><strong>tar-iusque</strong></span> <span class='ocrx_word' id='word_1_191' title='bbox 487 1633 500 1660; x_wconf 89' lang='lat'><em>;</em></span> <span class='ocrx_word' id='word_1_192' title='bbox 515 1623 571 1655; x_wconf 82' lang='lat' dir='ltr'><strong>alii</strong></span> <span class='ocrx_word' id='word_1_193' title='bbox 582 1623 855 1665; x_wconf 68' lang='lat' dir='ltr'><strong>variisque—693</strong></span> <span class='ocrx_word' id='word_1_194' title='bbox 867 1623 1019 1655; x_wconf 87' lang='lat' dir='ltr'><strong>Berolin.</strong></span> <span class='ocrx_word' id='word_1_195' title='bbox 1028 1623 1484 1661; x_wconf 62' lang='lat' dir='ltr'><strong>somnfferis...veneni⁸.-694</strong></span> <span class='ocrx_word' id='word_1_196' title='bbox 1495 1621 1653 1655; x_wconf 85' lang='lat' dir='ltr'><strong>Heidelb.</strong></span> 
     </span>
     <span class='ocr_line' id='line_1_26' title="bbox 189 1665 1649 1708; baseline -0.001 -11"><span class='ocrx_word' id='word_1_197' title='bbox 189 1665 486 1697; x_wconf 51' lang='lat' dir='ltr'><strong>Mecium—697</strong></span> <span class='ocrx_word' id='word_1_198' title='bbox 501 1666 600 1698; x_wconf 76' lang='lat' dir='ltr'><strong>Cant.</strong></span> <span class='ocrx_word' id='word_1_199' title='bbox 617 1672 653 1698; x_wconf 90' lang='lat' dir='ltr'><strong>et</strong></span> <span class='ocrx_word' id='word_1_200' title='bbox 667 1671 811 1708; x_wconf 88' lang='lat' dir='ltr'><strong>quatuor</strong></span> <span class='ocrx_word' id='word_1_201' title='bbox 827 1666 883 1697; x_wconf 88' lang='lat' dir='ltr'><strong>alii</strong></span> <span class='ocrx_word' id='word_1_202' title='bbox 901 1666 952 1698; x_wconf 85' lang='lat' dir='ltr'><strong>Ne</strong></span> <span class='ocrx_word' id='word_1_203' title='bbox 966 1667 1098 1703; x_wconf 51' lang='lat' dir='ltr'><strong>dubium·</strong></span> <span class='ocrx_word' id='word_1_204' title='bbox 1122 1667 1219 1698; x_wconf 83' lang='lat' dir='ltr'><strong>multi</strong></span> <span class='ocrx_word' id='word_1_205' title='bbox 1234 1666 1285 1697; x_wconf 88' lang='lat' dir='ltr'><strong>Ne</strong></span> <span class='ocrx_word' id='word_1_206' title='bbox 1300 1666 1545 1698; x_wconf 56' lang='lat' dir='ltr'><strong>dubitem—699</strong></span> <span class='ocrx_word' id='word_1_207' title='bbox 1563 1666 1649 1706; x_wconf 80' lang='lat' dir='ltr'><strong>Arg.</strong></span> 
     </span>
     <span class='ocr_line' id='line_1_27' title="bbox 190 1708 1648 1749; baseline 0 -10"><span class='ocrx_word' id='word_1_208' title='bbox 190 1713 228 1740; x_wconf 85' lang='lat' dir='ltr'><strong>et</strong></span> <span class='ocrx_word' id='word_1_209' title='bbox 243 1708 339 1739; x_wconf 83' lang='lat' dir='ltr'><strong>Med.</strong></span> <span class='ocrx_word' id='word_1_210' title='bbox 361 1709 481 1739; x_wconf 63' lang='lat' dir='ltr'><strong>eulaius.</strong></span> <span class='ocrx_word' id='word_1_211' title='bbox 505 1710 759 1749; x_wconf 53' lang='lat' dir='ltr'><strong>quemme—701</strong></span> <span class='ocrx_word' id='word_1_212' title='bbox 785 1709 949 1748; x_wconf 66' lang='lat' dir='ltr'><strong>Purasque</strong></span> <span class='ocrx_word' id='word_1_213' title='bbox 971 1719 1015 1740; x_wconf 86' lang='lat' dir='ltr'><strong>ex</strong></span> <span class='ocrx_word' id='word_1_214' title='bbox 1031 1714 1117 1740; x_wconf 84' lang='lat' dir='ltr'><strong>vett.</strong></span> <span class='ocrx_word' id='word_1_215' title='bbox 1134 1709 1250 1749; x_wconf 85' lang='lat' dir='ltr'><strong>placet</strong></span> <span class='ocrx_word' id='word_1_216' title='bbox 1265 1709 1309 1740; x_wconf 88' lang='lat' dir='ltr'><strong>D.</strong></span> <span class='ocrx_word' id='word_1_217' title='bbox 1329 1709 1449 1740; x_wconf 79' lang='lat' dir='ltr'><strong>Heius.</strong></span> <span class='ocrx_word' id='word_1_218' title='bbox 1466 1708 1522 1740; x_wconf 87' lang='lat' dir='ltr'><strong>alii</strong></span> <span class='ocrx_word' id='word_1_219' title='bbox 1537 1709 1648 1739; x_wconf 71' lang='lat' dir='ltr'><strong>duras-</strong></span> 
     </span>
     <span class='ocr_line' id='line_1_28' title="bbox 190 1750 1648 1793; baseline -0.001 -11"><span class='ocrx_word' id='word_1_220' title='bbox 190 1753 364 1790; x_wconf 58' lang='lat' dir='ltr'><strong>qua—702</strong></span> <span class='ocrx_word' id='word_1_221' title='bbox 376 1751 513 1782; x_wconf 73' lang='lat' dir='ltr'><strong>Tendens</strong></span> <span class='ocrx_word' id='word_1_222' title='bbox 528 1751 680 1782; x_wconf 80' lang='lat' dir='ltr'><strong>nonnulli</strong></span> <span class='ocrx_word' id='word_1_223' title='bbox 701 1761 762 1792; x_wconf 93' lang='lat' dir='ltr'><strong>pro</strong></span> <span class='ocrx_word' id='word_1_224' title='bbox 774 1751 882 1782; x_wconf 78' lang='lat' dir='ltr'><strong>tollens</strong></span> <span class='ocrx_word' id='word_1_225' title='bbox 896 1751 1026 1782; x_wconf 82' lang='lat' dir='ltr'><strong>solenni</strong></span> <span class='ocrx_word' id='word_1_226' title='bbox 1045 1751 1297 1791; x_wconf 74' lang='lat' dir='ltr'><strong>permutatione</strong></span> <span class='ocrx_word' id='word_1_227' title='bbox 1311 1761 1320 1789; x_wconf 88' lang='grc'><strong>;</strong></span> <span class='ocrx_word' id='word_1_228' title='bbox 1346 1750 1434 1793; x_wconf 90' lang='lat' dir='ltr'><strong>quod</strong></span> <span class='ocrx_word' id='word_1_229' title='bbox 1451 1751 1530 1792; x_wconf 87' lang='lat' dir='ltr'><strong>quia</strong></span> <span class='ocrx_word' id='word_1_230' title='bbox 1542 1751 1648 1781; x_wconf 79' lang='lat' dir='ltr'><strong>tollere</strong></span> 
     </span>
     <span class='ocr_line' id='line_1_29' title="bbox 191 1792 1651 1835; baseline 0 -11"><span class='ocrx_word' id='word_1_231' title='bbox 191 1793 368 1834; x_wconf 78' lang='lat' dir='ltr'><strong>praecessit</strong></span> <span class='ocrx_word' id='word_1_232' title='bbox 395 1793 513 1824; x_wconf 88' lang='lat' dir='ltr'><strong>Burm.</strong></span> <span class='ocrx_word' id='word_1_233' title='bbox 531 1803 598 1825; x_wconf 88' lang='lat' dir='ltr'><strong>non</strong></span> <span class='ocrx_word' id='word_1_234' title='bbox 609 1793 899 1835; x_wconf 81' lang='lat' dir='ltr'><strong>in1probat.-703</strong></span> <span class='ocrx_word' id='word_1_235' title='bbox 924 1793 970 1825; x_wconf 96' lang='grc' dir='ltr'><strong>Ο.</strong></span> <span class='ocrx_word' id='word_1_236' title='bbox 1000 1794 1100 1834; x_wconf 81' lang='lat' dir='ltr'><strong>thue</strong></span> <span class='ocrx_word' id='word_1_237' title='bbox 1125 1794 1212 1824; x_wconf 83' lang='lat' dir='ltr'><strong>dolor</strong></span> <span class='ocrx_word' id='word_1_238' title='bbox 1234 1794 1331 1825; x_wconf 71' lang='lat' dir='ltr'><strong>crevit</strong></span> <span class='ocrx_word' id='word_1_239' title='bbox 1348 1803 1360 1829; x_wconf 89' lang='lat'><em>;</em></span> <span class='ocrx_word' id='word_1_240' title='bbox 1381 1793 1463 1826; x_wconf 84' lang='lat' dir='ltr'><strong>Jun.</strong></span> <span class='ocrx_word' id='word_1_241' title='bbox 1505 1792 1549 1824; x_wconf 83' lang='lat' dir='ltr'><strong>Ut</strong></span> <span class='ocrx_word' id='word_1_242' title='bbox 1564 1793 1651 1824; x_wconf 83' lang='lat' dir='ltr'><strong>dolor</strong></span> 
     </span>
    </p>
   </div>
   <div class='ocr_carea' id='block_1_9' title="bbox 855 1895 994 1928">
    <p class='ocr_par' dir='ltr' id='par_1_13' title="bbox 855 1895 994 1928">
     <span class='ocr_line' id='line_1_30' title="bbox 855 1895 994 1928; baseline 0 -1"><span class='ocrx_word' id='word_1_243' title='bbox 855 1895 994 1928; x_wconf 58' lang='lat' dir='ltr'>501¹AE</span> 
     </span>
    </p>
   </div>
   <div class='ocr_carea' id='block_1_10' title="bbox 233 1965 896 2006">
    <p class='ocr_par' dir='ltr' id='par_1_14' title="bbox 233 1965 896 2006">
     <span class='ocr_line' id='line_1_31' title="bbox 233 1965 896 2006; baseline 0 -9"><span class='ocrx_word' id='word_1_244' title='bbox 233 1968 298 1997; x_wconf 81' lang='lat'><strong>692</strong></span> <span class='ocrx_word' id='word_1_245' title='bbox 310 1965 428 2006; x_wconf 66' lang='lat' dir='ltr'><strong>Siatra]</strong></span> <span class='ocrx_word' id='word_1_246' title='bbox 446 1965 666 2006; x_wconf 86' lang='lat' dir='ltr'><strong>Crepitacula</strong></span> <span class='ocrx_word' id='word_1_247' title='bbox 677 1970 776 1998; x_wconf 81' lang='lat' dir='ltr'><strong>erant</strong></span> <span class='ocrx_word' id='word_1_248' title='bbox 789 1975 896 2006; x_wconf 78' lang='lat' dir='ltr'><strong>aenea,</strong></span> 
     </span>
    </p>
   </div>
   <div class='ocr_carea' id='block_1_11' title="bbox 192 2018 896 2100">
    <p class='ocr_par' dir='ltr' id='par_1_15' title="bbox 192 2018 896 2100">
     <span class='ocr_line' id='line_1_32' title="bbox 192 2018 896 2059; baseline -0.001 -10"><span class='ocrx_word' id='word_1_249' title='bbox 192 2027 335 2059; x_wconf 80' lang='lat' dir='ltr'><strong>quorum</strong></span> <span class='ocrx_word' id='word_1_250' title='bbox 348 2018 534 2057; x_wconf 78' lang='lat' dir='ltr'><strong>agitatione</strong></span> <span class='ocrx_word' id='word_1_251' title='bbox 546 2018 728 2058; x_wconf 83' lang='lat' dir='ltr'><strong>strepitum</strong></span> <span class='ocrx_word' id='word_1_252' title='bbox 744 2018 777 2049; x_wconf 90' lang='lat' dir='ltr'><strong>in</strong></span> <span class='ocrx_word' id='word_1_253' title='bbox 789 2018 896 2049; x_wconf 79' lang='lat' dir='ltr'><strong>sacris</strong></span> 
     </span>
     <span class='ocr_line' id='line_1_33' title="bbox 192 2068 504 2100; baseline -0.006 0"><span class='ocrx_word' id='word_1_254' title='bbox 192 2068 294 2100; x_wconf 74' lang='lat' dir='ltr'><strong>hidis</strong></span> <span class='ocrx_word' id='word_1_255' title='bbox 309 2068 469 2099; x_wconf 75' lang='lat' dir='ltr'><strong>edebant.</strong></span> <span class='ocrx_word' id='word_1_256' title='bbox 499 2074 504 2079; x_wconf 72' lang='grc'><strong><em>’</em></strong></span> 
     </span>
    </p>
   </div>
   <div class='ocr_carea' id='block_1_12' title="bbox 948 1965 1655 2108">
    <p class='ocr_par' dir='ltr' id='par_1_16' title="bbox 948 1965 1655 2108">
     <span class='ocr_line' id='line_1_34' title="bbox 992 1965 1653 2008; baseline -0.003 -10"><span class='ocrx_word' id='word_1_257' title='bbox 992 1969 1055 1998; x_wconf 74' lang='grc'><strong>698</strong></span> <span class='ocrx_word' id='word_1_258' title='bbox 1078 1965 1227 2008; x_wconf 78' lang='lat' dir='ltr'><strong>Serpens]</strong></span> <span class='ocrx_word' id='word_1_259' title='bbox 1257 1967 1418 2007; x_wconf 84' lang='lat' dir='ltr'><strong>Mycillus</strong></span> <span class='ocrx_word' id='word_1_260' title='bbox 1445 1965 1653 1998; x_wconf 88' lang='lat' dir='ltr'><strong>crocodilum</strong></span> 
     </span>
     <span class='ocr_line' id='line_1_35' title="bbox 948 2016 1654 2059; baseline -0.004 -10"><span class='ocrx_word' id='word_1_261' title='bbox 948 2017 1090 2059; x_wconf 83' lang='lat' dir='ltr'><strong>AEgypti</strong></span> <span class='ocrx_word' id='word_1_262' title='bbox 1105 2017 1299 2057; x_wconf 85' lang='lat' dir='ltr'><strong>indigenam</strong></span> <span class='ocrx_word' id='word_1_263' title='bbox 1323 2017 1515 2057; x_wconf 86' lang='lat' dir='ltr'><strong>suspicatur</strong></span> <span class='ocrx_word' id='word_1_264' title='bbox 1527 2016 1654 2047; x_wconf 86' lang='lat' dir='ltr'><strong>intelli·</strong></span> 
     </span>
     <span class='ocr_line' id='line_1_36' title="bbox 948 2064 1655 2108; baseline -0.003 -10"><span class='ocrx_word' id='word_1_265' title='bbox 948 2067 1115 2108; x_wconf 85' lang='lat' dir='ltr'><strong>gendum:</strong></span> <span class='ocrx_word' id='word_1_266' title='bbox 1152 2066 1208 2098; x_wconf 83' lang='lat' dir='ltr'><strong>alii</strong></span> <span class='ocrx_word' id='word_1_267' title='bbox 1231 2072 1346 2098; x_wconf 87' lang='lat' dir='ltr'><strong>autem</strong></span> <span class='ocrx_word' id='word_1_268' title='bbox 1367 2066 1519 2107; x_wconf 85' lang='lat' dir='ltr'><strong>aspidem</strong></span> <span class='ocrx_word' id='word_1_269' title='bbox 1542 2064 1655 2096; x_wconf 86' lang='lat' dir='ltr'><strong>eidem</strong></span> 
     </span>
    </p>
   </div>
   <div class='ocr_carea' id='block_1_13' title="bbox 193 2117 902 2718">
    <p class='ocr_par' dir='ltr' id='par_1_17' title="bbox 193 2117 902 2718">
     <span class='ocr_line' id='line_1_37' title="bbox 235 2117 895 2159; baseline -0.002 -9"><span class='ocrx_word' id='word_1_270' title='bbox 235 2118 419 2159; x_wconf 79' lang='lat' dir='ltr'><strong>Nunquam]</strong></span> <span class='ocrx_word' id='word_1_271' title='bbox 443 2117 473 2149; x_wconf 85' lang='grc' dir='ltr'>Α</span> <span class='ocrx_word' id='word_1_272' title='bbox 489 2118 654 2159; x_wconf 85' lang='lat' dir='ltr'><strong>Typhone</strong></span> <span class='ocrx_word' id='word_1_273' title='bbox 671 2118 778 2150; x_wconf 82' lang='lat' dir='ltr'><strong>fratre</strong></span> <span class='ocrx_word' id='word_1_274' title='bbox 804 2118 895 2150; x_wconf 88' lang='lat' dir='ltr'><strong>occi·</strong></span> 
     </span>
     <span class='ocr_line' id='line_1_38' title="bbox 193 2170 894 2211; baseline -0.001 -9"><span class='ocrx_word' id='word_1_275' title='bbox 193 2180 265 2202; x_wconf 67' lang='lat' dir='ltr'><strong>sum</strong></span> <span class='ocrx_word' id='word_1_276' title='bbox 278 2170 487 2211; x_wconf 81' lang='lat' dir='ltr'><strong>Osirimjam</strong></span> <span class='ocrx_word' id='word_1_277' title='bbox 501 2180 604 2211; x_wconf 86' lang='lat' dir='ltr'><strong>supra</strong></span> <span class='ocrx_word' id='word_1_278' title='bbox 616 2170 773 2202; x_wconf 77' lang='lat' dir='ltr'><strong>diximus.</strong></span> <span class='ocrx_word' id='word_1_279' title='bbox 794 2170 894 2202; x_wconf 88' lang='lat' dir='ltr'><strong>Illum</strong></span> 
     </span>
     <span class='ocr_line' id='line_1_39' title="bbox 193 2221 895 2264; baseline 0 -11"><span class='ocrx_word' id='word_1_280' title='bbox 193 2226 307 2253; x_wconf 88' lang='lat' dir='ltr'><strong>autem</strong></span> <span class='ocrx_word' id='word_1_281' title='bbox 323 2221 381 2252; x_wconf 89' lang='lat' dir='ltr'><strong>diu</strong></span> <span class='ocrx_word' id='word_1_282' title='bbox 394 2221 552 2262; x_wconf 68' lang='lat' dir='ltr'><strong>quaesivit</strong></span> <span class='ocrx_word' id='word_1_283' title='bbox 565 2222 630 2254; x_wconf 82' lang='lat' dir='ltr'><strong>Isis</strong></span> <span class='ocrx_word' id='word_1_284' title='bbox 643 2222 782 2263; x_wconf 83' lang='lat' dir='ltr'><strong>conjux,</strong></span> <span class='ocrx_word' id='word_1_285' title='bbox 795 2231 895 2264; x_wconf 88' lang='lat' dir='ltr'><strong>quem</strong></span> 
     </span>
     <span class='ocr_line' id='line_1_40' title="bbox 194 2272 896 2313; baseline 0 -10"><span class='ocrx_word' id='word_1_286' title='bbox 194 2272 331 2304; x_wconf 77' lang='lat' dir='ltr'><strong>tandem</strong></span> <span class='ocrx_word' id='word_1_287' title='bbox 344 2282 466 2305; x_wconf 77' lang='lat' dir='ltr'><strong>canum</strong></span> <span class='ocrx_word' id='word_1_288' title='bbox 483 2273 671 2313; x_wconf 79' lang='lat' dir='ltr'><strong>sagacitate</strong></span> <span class='ocrx_word' id='word_1_289' title='bbox 683 2283 743 2305; x_wconf 83' lang='lat' dir='ltr'><strong>usa</strong></span> <span class='ocrx_word' id='word_1_290' title='bbox 754 2273 896 2313; x_wconf 83' lang='lat' dir='ltr'><strong>invenit,</strong></span> 
     </span>
     <span class='ocr_line' id='line_1_41' title="bbox 193 2324 896 2367; baseline 0 -11"><span class='ocrx_word' id='word_1_291' title='bbox 193 2328 230 2356; x_wconf 85' lang='lat' dir='ltr'><strong>et</strong></span> <span class='ocrx_word' id='word_1_292' title='bbox 255 2329 476 2356; x_wconf 83' lang='lat' dir='ltr'><strong>monumento</strong></span> <span class='ocrx_word' id='word_1_293' title='bbox 506 2325 630 2356; x_wconf 85' lang='lat' dir='ltr'><strong>intulit.</strong></span> <span class='ocrx_word' id='word_1_294' title='bbox 675 2324 791 2367; x_wconf 78' lang='lat' dir='ltr'><strong>Atque</strong></span> <span class='ocrx_word' id='word_1_295' title='bbox 818 2324 896 2356; x_wconf 89' lang='lat' dir='ltr'><strong>hinc</strong></span> 
     </span>
     <span class='ocr_line' id='line_1_42' title="bbox 195 2374 897 2417; baseline 0 -11"><span class='ocrx_word' id='word_1_296' title='bbox 195 2374 285 2417; x_wconf 86' lang='lat' dir='ltr'><strong>apud</strong></span> <span class='ocrx_word' id='word_1_297' title='bbox 303 2375 482 2417; x_wconf 77' lang='lat' dir='ltr'><strong>AEgyptios</strong></span> <span class='ocrx_word' id='word_1_298' title='bbox 509 2375 703 2407; x_wconf 76' lang='lat' dir='ltr'><strong>sacerdotes</strong></span> <span class='ocrx_word' id='word_1_299' title='bbox 726 2376 813 2408; x_wconf 69' lang='lat' dir='ltr'><strong>ritus</strong></span> <span class='ocrx_word' id='word_1_300' title='bbox 827 2385 897 2407; x_wconf 88' lang='lat' dir='ltr'><strong>ma-</strong></span> 
     </span>
     <span class='ocr_line' id='line_1_43' title="bbox 195 2425 898 2466; baseline 0.001 -9"><span class='ocrx_word' id='word_1_301' title='bbox 195 2425 304 2464; x_wconf 77' lang='lat' dir='ltr'><strong>navit,</strong></span> <span class='ocrx_word' id='word_1_302' title='bbox 333 2431 371 2458; x_wconf 89' lang='lat' dir='ltr'><strong>ut</strong></span> <span class='ocrx_word' id='word_1_303' title='bbox 403 2426 542 2466; x_wconf 81' lang='lat' dir='ltr'><strong>singulis</strong></span> <span class='ocrx_word' id='word_1_304' title='bbox 573 2426 678 2458; x_wconf 72' lang='lat' dir='ltr'><strong>sacris</strong></span> <span class='ocrx_word' id='word_1_305' title='bbox 709 2436 784 2458; x_wconf 89' lang='lat' dir='ltr'><strong>cum</strong></span> <span class='ocrx_word' id='word_1_306' title='bbox 813 2425 898 2459; x_wconf 83' lang='lat' dir='ltr'><strong>fletu</strong></span> 
     </span>
     <span class='ocr_line' id='line_1_44' title="bbox 197 2476 899 2518; baseline 0.001 -10"><span class='ocrx_word' id='word_1_307' title='bbox 197 2477 352 2508; x_wconf 68' lang='lat' dir='ltr'><strong>amissum</strong></span> <span class='ocrx_word' id='word_1_308' title='bbox 369 2476 497 2508; x_wconf 78' lang='lat' dir='ltr'><strong>Osirim</strong></span> <span class='ocrx_word' id='word_1_309' title='bbox 513 2476 689 2518; x_wconf 76' lang='lat' dir='ltr'><strong>quaesituri</strong></span> <span class='ocrx_word' id='word_1_310' title='bbox 709 2476 899 2517; x_wconf 87' lang='lat' dir='ltr'><strong>prodirent,</strong></span> 
     </span>
     <span class='ocr_line' id='line_1_45' title="bbox 198 2527 901 2568; baseline 0.001 -10"><span class='ocrx_word' id='word_1_311' title='bbox 198 2536 277 2558; x_wconf 83' lang='lat' dir='ltr'><strong>mox</strong></span> <span class='ocrx_word' id='word_1_312' title='bbox 289 2537 364 2558; x_wconf 89' lang='lat' dir='ltr'><strong>cum</strong></span> <span class='ocrx_word' id='word_1_313' title='bbox 378 2527 510 2566; x_wconf 63' lang='lat' dir='ltr'><strong>initia,</strong></span> <span class='ocrx_word' id='word_1_314' title='bbox 524 2532 684 2568; x_wconf 84' lang='lat' dir='ltr'><strong>tanquam</strong></span> <span class='ocrx_word' id='word_1_315' title='bbox 696 2531 901 2568; x_wconf 80' lang='lat' dir='ltr'><strong>recuperato</strong></span> 
     </span>
     <span class='ocr_line' id='line_1_46' title="bbox 198 2577 901 2618; baseline 0.001 -10"><span class='ocrx_word' id='word_1_316' title='bbox 198 2577 290 2616; x_wconf 83' lang='lat' dir='ltr'><strong>Deo,</strong></span> <span class='ocrx_word' id='word_1_317' title='bbox 303 2577 473 2608; x_wconf 85' lang='lat' dir='ltr'><strong>redirent:</strong></span> <span class='ocrx_word' id='word_1_318' title='bbox 510 2582 548 2608; x_wconf 90' lang='lat' dir='ltr'><strong>ut</strong></span> <span class='ocrx_word' id='word_1_319' title='bbox 563 2577 612 2608; x_wconf 74' lang='lat' dir='ltr'><strong>sic</strong></span> <span class='ocrx_word' id='word_1_320' title='bbox 630 2586 801 2618; x_wconf 80' lang='lat' dir='ltr'><strong>nunquam</strong></span> <span class='ocrx_word' id='word_1_321' title='bbox 818 2577 901 2609; x_wconf 75' lang='lat' dir='ltr'><strong>satis</strong></span> 
     </span>
     <span class='ocr_line' id='line_1_47' title="bbox 201 2626 902 2668; baseline 0 -10"><span class='ocrx_word' id='word_1_322' title='bbox 201 2626 364 2668; x_wconf 70' lang='lat' dir='ltr'><strong>quaesitus</strong></span> <span class='ocrx_word' id='word_1_323' title='bbox 394 2632 494 2658; x_wconf 73' lang='lat' dir='ltr'><strong>esset.</strong></span> <span class='ocrx_word' id='word_1_324' title='bbox 555 2626 663 2659; x_wconf 73' lang='lat' dir='ltr'><strong>Nobis</strong></span> <span class='ocrx_word' id='word_1_325' title='bbox 699 2636 780 2659; x_wconf 78' lang='lat' dir='ltr'><strong>vero</strong></span> <span class='ocrx_word' id='word_1_326' title='bbox 819 2627 902 2659; x_wconf 76' lang='lat' dir='ltr'><strong>natis</strong></span> 
     </span>
     <span class='ocr_line' id='line_1_48' title="bbox 200 2674 902 2718; baseline 0.004 -12"><span class='ocrx_word' id='word_1_327' title='bbox 200 2674 317 2715; x_wconf 79' lang='lat' dir='ltr'><strong>fuerit,</strong></span> <span class='ocrx_word' id='word_1_328' title='bbox 356 2685 439 2718; x_wconf 72' lang='lat' dir='ltr'><strong>quon</strong></span> <span class='ocrx_word' id='word_1_329' title='bbox 462 2676 597 2717; x_wconf 82' lang='lat' dir='ltr'><strong>jamdiu</strong></span> <span class='ocrx_word' id='word_1_330' title='bbox 627 2676 660 2708; x_wconf 90' lang='lat' dir='ltr'><strong>in</strong></span> <span class='ocrx_word' id='word_1_331' title='bbox 701 2676 902 2709; x_wconf 74' lang='lat' dir='ltr'><strong>execrandis</strong></span> 
     </span>
    </p>
   </div>
   <div class='ocr_carea' id='block_1_14' title="bbox 201 2726 901 2819">
    <p class='ocr_par' dir='ltr' id='par_1_18' title="bbox 201 2726 901 2819">
     <span class='ocr_line' id='line_1_49' title="bbox 201 2726 901 2771; baseline 0.004 -15"><span class='ocrx_word' id='word_1_332' title='bbox 201 2726 373 2765; x_wconf 63' lang='lat' dir='ltr'><strong>tigmentis</strong></span> <span class='ocrx_word' id='word_1_333' title='bbox 408 2726 581 2760; x_wconf 74' lang='lat' dir='ltr'><strong>immorari</strong></span> <span class='ocrx_word' id='word_1_334' title='bbox 618 2731 654 2761; x_wconf 82' lang='lat' dir='ltr'><strong>et</strong></span> <span class='ocrx_word' id='word_1_335' title='bbox 686 2728 834 2771; x_wconf 78' lang='lat' dir='ltr'><strong>poenitet</strong></span> <span class='ocrx_word' id='word_1_336' title='bbox 864 2733 901 2760; x_wconf 87' lang='lat' dir='ltr'><strong>et</strong></span> 
     </span>
     <span class='ocr_line' id='line_1_50' title="bbox 203 2776 321 2819; baseline 0.017 -12"><span class='ocrx_word' id='word_1_337' title='bbox 203 2776 321 2819; x_wconf 76' lang='lat' dir='ltr'><strong>pudet.</strong></span> 
     </span>
    </p>
   </div>
   <div class='ocr_carea' id='block_1_15' title="bbox 948 2115 1657 2763">
    <p class='ocr_par' dir='ltr' id='par_1_19' title="bbox 948 2115 1657 2199">
     <span class='ocr_line' id='line_1_51' title="bbox 949 2115 1657 2157; baseline -0.003 -9"><span class='ocrx_word' id='word_1_338' title='bbox 949 2117 1078 2157; x_wconf 84' lang='lat' dir='ltr'><strong>regioni</strong></span> <span class='ocrx_word' id='word_1_339' title='bbox 1094 2115 1308 2155; x_wconf 80' lang='lat' dir='ltr'><strong>familiarem,</strong></span> <span class='ocrx_word' id='word_1_340' title='bbox 1323 2117 1422 2157; x_wconf 84' lang='lat' dir='ltr'><strong>cnjus</strong></span> <span class='ocrx_word' id='word_1_341' title='bbox 1436 2125 1565 2148; x_wconf 77' lang='lat' dir='ltr'><strong>morsus</strong></span> <span class='ocrx_word' id='word_1_342' title='bbox 1580 2115 1657 2147; x_wconf 81' lang='lat' dir='ltr'><strong>leti-</strong></span> 
     </span>
     <span class='ocr_line' id='line_1_52' title="bbox 948 2166 1397 2199; baseline -0.004 0"><span class='ocrx_word' id='word_1_343' title='bbox 948 2166 1057 2199; x_wconf 85' lang='lat' dir='ltr'><strong>ferum</strong></span> <span class='ocrx_word' id='word_1_344' title='bbox 1073 2176 1225 2198; x_wconf 84' lang='lat' dir='ltr'><strong>somnum</strong></span> <span class='ocrx_word' id='word_1_345' title='bbox 1246 2166 1397 2198; x_wconf 89' lang='lat' dir='ltr'><strong>inducat.</strong></span> 
     </span>
    </p>

    <p class='ocr_par' dir='ltr' id='par_1_20' title="bbox 951 2215 1656 2361">
     <span class='ocr_line' id='line_1_53' title="bbox 993 2215 1655 2258; baseline -0.002 -10"><span class='ocrx_word' id='word_1_346' title='bbox 993 2220 1056 2249; x_wconf 84' lang='grc'><strong>697</strong></span> <span class='ocrx_word' id='word_1_347' title='bbox 1079 2216 1215 2258; x_wconf 83' lang='lat' dir='ltr'><strong>Lucina]</strong></span> <span class='ocrx_word' id='word_1_348' title='bbox 1237 2217 1353 2248; x_wconf 87' lang='lat' dir='ltr'><strong>Diana</strong></span> <span class='ocrx_word' id='word_1_349' title='bbox 1379 2220 1441 2256; x_wconf 86' lang='lat' dir='ltr'><strong>est,</strong></span> <span class='ocrx_word' id='word_1_350' title='bbox 1463 2225 1538 2258; x_wconf 85' lang='lat' dir='ltr'><strong>quae</strong></span> <span class='ocrx_word' id='word_1_351' title='bbox 1563 2215 1655 2249; x_wconf 87' lang='lat' dir='ltr'><strong>Juno</strong></span> 
     </span>
     <span class='ocr_line' id='line_1_54' title="bbox 951 2266 1656 2310; baseline -0.003 -11"><span class='ocrx_word' id='word_1_352' title='bbox 951 2277 1085 2310; x_wconf 86' lang='lat' dir='ltr'><strong>quoque</strong></span> <span class='ocrx_word' id='word_1_353' title='bbox 1106 2268 1237 2300; x_wconf 88' lang='lat' dir='ltr'><strong>Lucina</strong></span> <span class='ocrx_word' id='word_1_354' title='bbox 1262 2267 1356 2299; x_wconf 79' lang='lat' dir='ltr'><strong>dicta</strong></span> <span class='ocrx_word' id='word_1_355' title='bbox 1381 2271 1449 2305; x_wconf 80' lang='lat' dir='ltr'><strong>est,</strong></span> <span class='ocrx_word' id='word_1_356' title='bbox 1462 2266 1656 2308; x_wconf 79' lang='lat' dir='ltr'><strong>parturien-</strong></span> 
     </span>
     <span class='ocr_line' id='line_1_55' title="bbox 952 2319 1400 2361; baseline -0.004 -9"><span class='ocrx_word' id='word_1_357' title='bbox 952 2320 1045 2352; x_wconf 81' lang='lat' dir='ltr'><strong>tibus</strong></span> <span class='ocrx_word' id='word_1_358' title='bbox 1061 2329 1161 2361; x_wconf 88' lang='lat' dir='ltr'><strong>opem</strong></span> <span class='ocrx_word' id='word_1_359' title='bbox 1175 2319 1267 2352; x_wconf 87' lang='lat' dir='ltr'><strong>ferre</strong></span> <span class='ocrx_word' id='word_1_360' title='bbox 1288 2319 1400 2351; x_wconf 81' lang='lat' dir='ltr'><strong>solita.</strong></span> 
     </span>
    </p>

    <p class='ocr_par' dir='ltr' id='par_1_21' title="bbox 951 2369 1656 2454">
     <span class='ocr_line' id='line_1_56' title="bbox 994 2369 1656 2412; baseline -0.006 -10"><span class='ocrx_word' id='word_1_361' title='bbox 994 2373 1058 2402; x_wconf 81' lang='lat'><strong>698</strong></span> <span class='ocrx_word' id='word_1_362' title='bbox 1098 2371 1253 2412; x_wconf 77' lang='lat' dir='ltr'><strong>Quicquid</strong></span> <span class='ocrx_word' id='word_1_363' title='bbox 1281 2369 1360 2411; x_wconf 81' lang='lat' dir='ltr'><strong>erit]</strong></span> <span class='ocrx_word' id='word_1_364' title='bbox 1397 2370 1463 2401; x_wconf 86' lang='lat' dir='ltr'><strong>Seu</strong></span> <span class='ocrx_word' id='word_1_365' title='bbox 1491 2377 1564 2400; x_wconf 76' lang='lat' dir='ltr'><strong>mas</strong></span> <span class='ocrx_word' id='word_1_366' title='bbox 1597 2375 1656 2399; x_wconf 75' lang='lat' dir='ltr'><strong>seu</strong></span> 
     </span>
     <span class='ocr_line' id='line_1_57' title="bbox 951 2420 1098 2454; baseline 0.007 -1"><span class='ocrx_word' id='word_1_367' title='bbox 951 2420 1098 2454; x_wconf 84' lang='lat' dir='ltr'><strong>foemina.</strong></span> 
     </span>
    </p>

    <p class='ocr_par' dir='ltr' id='par_1_22' title="bbox 952 2467 1657 2662">
     <span class='ocr_line' id='line_1_58' title="bbox 995 2467 1657 2512; baseline -0.009 -8"><span class='ocrx_word' id='word_1_368' title='bbox 995 2470 1191 2512; x_wconf 70' lang='lat' dir='ltr'><strong>Aua-iliaris]</strong></span> <span class='ocrx_word' id='word_1_369' title='bbox 1203 2471 1318 2502; x_wconf 86' lang='lat' dir='ltr'><strong>Talem</strong></span> <span class='ocrx_word' id='word_1_370' title='bbox 1329 2479 1410 2501; x_wconf 85' lang='lat' dir='ltr'><strong>vero</strong></span> <span class='ocrx_word' id='word_1_371' title='bbox 1422 2467 1657 2511; x_wconf 79' lang='lat' dir='ltr'><strong>praedicabant</strong></span> 
     </span>
     <span class='ocr_line' id='line_1_59' title="bbox 952 2517 1657 2563; baseline -0.01 -9"><span class='ocrx_word' id='word_1_372' title='bbox 952 2521 1093 2562; x_wconf 72' lang='lat' dir='ltr'><strong>Isidem,</strong></span> <span class='ocrx_word' id='word_1_373' title='bbox 1109 2531 1185 2563; x_wconf 81' lang='lat' dir='ltr'><strong>quae</strong></span> <span class='ocrx_word' id='word_1_374' title='bbox 1214 2521 1360 2562; x_wconf 85' lang='lat' dir='ltr'><strong>plurima</strong></span> <span class='ocrx_word' id='word_1_375' title='bbox 1387 2520 1475 2551; x_wconf 90' lang='lat' dir='ltr'><strong>bona</strong></span> <span class='ocrx_word' id='word_1_376' title='bbox 1498 2519 1530 2549; x_wconf 85' lang='lat' dir='ltr'><strong>in</strong></span> <span class='ocrx_word' id='word_1_377' title='bbox 1553 2517 1657 2548; x_wconf 90' lang='lat' dir='ltr'><strong>homi-</strong></span> 
     </span>
     <span class='ocr_line' id='line_1_60' title="bbox 955 2571 1657 2614; baseline -0.01 -9"><span class='ocrx_word' id='word_1_378' title='bbox 955 2583 1034 2604; x_wconf 88' lang='lat' dir='ltr'><strong>num</strong></span> <span class='ocrx_word' id='word_1_379' title='bbox 1064 2582 1170 2614; x_wconf 76' lang='lat' dir='ltr'><strong>genus</strong></span> <span class='ocrx_word' id='word_1_380' title='bbox 1199 2571 1397 2609; x_wconf 84' lang='lat' dir='ltr'><strong>contulerit,</strong></span> <span class='ocrx_word' id='word_1_381' title='bbox 1428 2578 1488 2609; x_wconf 86' lang='lat' dir='ltr'><strong>per</strong></span> <span class='ocrx_word' id='word_1_382' title='bbox 1523 2576 1657 2599; x_wconf 76' lang='lat' dir='ltr'><strong>somnos</strong></span> 
     </span>
     <span class='ocr_line' id='line_1_61' title="bbox 955 2619 1446 2662; baseline -0.014 -7"><span class='ocrx_word' id='word_1_383' title='bbox 955 2623 1058 2655; x_wconf 85' lang='lat' dir='ltr'><strong>etiam</strong></span> <span class='ocrx_word' id='word_1_384' title='bbox 1074 2622 1191 2653; x_wconf 73' lang='lat' dir='ltr'><strong>multis</strong></span> <span class='ocrx_word' id='word_1_385' title='bbox 1202 2630 1301 2662; x_wconf 88' lang='lat' dir='ltr'><strong>opem</strong></span> <span class='ocrx_word' id='word_1_386' title='bbox 1319 2619 1446 2650; x_wconf 83' lang='lat' dir='ltr'><strong>tulerit.</strong></span> 
     </span>
    </p>

    <p class='ocr_par' dir='ltr' id='par_1_23' title="bbox 998 2667 1643 2711">
     <span class='ocr_line' id='line_1_62' title="bbox 998 2667 1643 2711; baseline -0.011 -6"><span class='ocrx_word' id='word_1_387' title='bbox 998 2675 1061 2705; x_wconf 79' lang='lat'><strong>70³</strong></span> <span class='ocrx_word' id='word_1_388' title='bbox 1086 2671 1201 2711; x_wconf 83' lang='lat' dir='ltr'><strong>Dolor]</strong></span> <span class='ocrx_word' id='word_1_389' title='bbox 1224 2670 1291 2703; x_wconf 80' lang='lat' dir='ltr'><strong>Qui</strong></span> <span class='ocrx_word' id='word_1_390' title='bbox 1306 2673 1440 2709; x_wconf 83' lang='lat' dir='ltr'><strong>partum</strong></span> <span class='ocrx_word' id='word_1_391' title='bbox 1452 2667 1643 2700; x_wconf 72' lang='lat' dir='ltr'><strong>comitatur.</strong></span> 
     </span>
    </p>

    <p class='ocr_par' dir='ltr' id='par_1_24' title="bbox 999 2718 1454 2763">
     <span class='ocr_line' id='line_1_63' title="bbox 999 2718 1454 2763; baseline -0.015 -7"><span class='ocrx_word' id='word_1_392' title='bbox 999 2722 1141 2763; x_wconf 72' lang='lat' dir='ltr'><strong>Pondus]</strong></span> <span class='ocrx_word' id='word_1_393' title='bbox 1164 2720 1293 2759; x_wconf 66' lang='lat' dir='ltr'><strong>lufaus,</strong></span> <span class='ocrx_word' id='word_1_394' title='bbox 1308 2718 1454 2752; x_wconf 74' lang='lat' dir='ltr'><strong>scilicet.</strong></span> 
     </span>
    </p>
   </div>
  </div>
 </body>
</html>
