1831 3023
518 223 988 258 METAMORPHOSEON
1022 222 1120 255 mn.
1152 222 1246 255 ΧΠ.
1491 211 1607 254 1525

153 323 284 367 Misit
303 324 348 364 in
367 323 599 365 adversum
620 320 760 373 Lycia
780 319 834 359 de
855 320 984 373 plebe
1007 318 1256 360 Menoeten:

150 391 443 445 Loricamque
463 388 621 438 simul,·
630 388 917 441 subjectaque
939 392 1122 440 pectora
1140 386 1275 440 rupit.

154 458 256 509 Quo
279 460 506 512 plangente
526 469 703 510 gravem
722 456 986 496 moribundo
1007 456 1170 497 vertice
1190 461 1364 504 terram,

154 526 358 567 Extrahit
378 525 483 566 illud
504 524 620 564 idem
642 521 786 563 calido
807 523 859 563 dc
879 524 1060 563 vulnere
1082 523 1214 563 telum
1232 536 1242 563 :

152 592 301 647 Atque
322 595 381 634 ait
399 607 409 644 ;
443 593 557 634 Haec
577 604 734 632 manus
751 596 834 640 est,
856 591 967 640 haec,
986 604 1072 643 qua
1088 590 1221 630 modo
1242 589 1446 638 vicimuS‚
1465 586 1608 628 hasta.

152 659 264 702 Utar
285 662 327 700 in
347 661 460 701 hunc
480 659 617 700 isdem
637 673 646 700 :
678 658 735 698 sit
755 659 798 698 in
819 657 903 698 hoc
925 669 1082 710 precor
1101 657 1248 697 exitus
1269 655 1400 697 idem.
1523 652 1607 694 121

153 727 229 769 Sic
249 729 382 777 fatus,
406 727 696 780 Cycnumque
717 726 840 779 petit,
857 737 936 764 nec
956 723 1157 764 fraxinus
1178 727 1320 774 errat;

153 795 293 848 Inque
313 796 492 835 humero
513 794 661 834 sonuit
677 805 762 834 non
784 793 947 833 evitata
967 791 1158 832 sinistro.

153 862 279 912 Inde,
300 863 419 903 velut
436 875 559 902 muro
581 861 780 903 solidave
800 874 826 901 a
847 865 985 910 caute,
1006 860 1182 913 repulsa
1202 863 1285 900 est.

153 927 257 979 Qua
275 935 418 970 tamen
441 931 552 971 ictus
571 934 676 979 erat,
700 930 920 981 signatum
943 929 1156 980 sanguine
1179 927 1381 980 Cycnum
1528 922 1611 964 125

151 994 350 1047 Viderat,
373 1003 417 1037 et
437 997 596 1037 frustra
616 996 755 1036 fuerat
777 996 976 1048 gavisus,
998 993 1211 1035 Achilles.

151 1061 326 1104 Vulnus
347 1067 437 1104 erat
456 1063 618 1104 nullum
637 1076 646 1103 z
681 1062 860 1115 sanguis
881 1065 972 1102 erat
991 1061 1063 1102 ille
1085 1060 1313 1102 Menoetae.

150 1130 267 1171 Tum
289 1144 394 1172 vero
417 1144 632 1185 praecepS‚
654 1143 783 1171 curru
804 1130 1111 1171 fremebundus
1132 1130 1188 1170 ab
1211 1129 1315 1179 alto,

152 1198 342 1240 Desilit:
373 1203 416 1239 et
436 1199 578 1240 nitido
599 1211 798 1240 securum
821 1199 1021 1240 cominus
1042 1198 1212 1239 hostem

154 1266 270 1307 Ense
288 1270 459 1320 petens,
481 1279 678 1320 parmam
699 1265 861 1318 gladio,
885 1265 1140 1319 galeamque
1161 1265 1310 1306 cavari
1529 1261 1613 1303 130

154 1332 319 1384 Cernit,
341 1335 445 1375 etin
464 1334 570 1376 duro
591 1333 697 1374 laedi
718 1345 897 1386 quoque
919 1345 1100 1386 corpore
1119 1332 1290 1372 serrum.
1396 1322 1400 1325 ⁵

151 1485 273 1516 hastam
288 1485 322 1517 in
337 1487 497 1518 adeersum
521 1487 691 1525 Menoeten,
706 1496 746 1517 ex
757 1486 845 1527 plebe
860 1486 958 1527 Lycia
971 1497 983 1524 ;
1007 1489 1099 1526 atque
1111 1484 1273 1526 transfixit
1293 1484 1386 1515 simul
1401 1483 1566 1518 thoracem,
1584 1487 1613 1514 ee

150 1531 259 1568 pectus
272 1529 448 1568 mlgiectum.
496 1529 564 1564 Quo
588 1529 718 1560 obeunte
743 1535 778 1560 et
800 1529 992 1570 percutiente
1016 1530 1128 1560 durum
1155 1529 1253 1559 solum
1277 1527 1391 1568 capite,
1415 1526 1509 1566 eripit
1536 1526 1616 1557 illud

152 1571 236 1602 idem
249 1571 360 1603 hastile
382 1582 422 1603 ex
438 1573 560 1603 vulnere
582 1572 693 1612 calido,
715 1575 820 1612 atque,
847 1572 963 1612 inquit,
988 1572 1068 1602 Ha’c
1083 1575 1128 1602 est
1144 1572 1270 1610 dextra,
1283 1571 1347 1600 haec
1362 1573 1407 1601 est
1422 1570 1540 1609 lancea,
1556 1579 1616 1609 qua

154 1614 242 1644 modo
264 1613 394 1645 vicimus
407 1626 418 1652 ,·
452 1619 525 1646 utar
551 1615 583 1645 in
611 1615 691 1645 hunc
718 1615 839 1654 iisdem,
862 1625 915 1644 ora
938 1615 1019 1645 idem
1044 1615 1086 1644 sit
1109 1622 1263 1644 successus
1291 1617 1399 1644 contra
1429 1612 1518 1642 hunc.
1562 1612 1617 1642 Sic

155 1656 285 1696 locutus,
311 1660 341 1687 et
370 1658 450 1697 petit
477 1659 628 1697 Cycnum,
645 1667 738 1697 neque
754 1657 844 1687 hasta
858 1657 995 1695 aberrat,
1011 1660 1101 1696 atque
1117 1666 1174 1686 uon
1191 1656 1274 1686 elusa
1287 1656 1452 1696 strepitum
1467 1654 1565 1685 edidit
1582 1655 1616 1685 in

153 1700 276 1728 sinistro
291 1699 427 1730 humero.
476 1699 552 1730 Inde
565 1701 687 1739 repulsa
702 1703 746 1730 est
764 1702 912 1739 tanquam
928 1709 947 1728 a
960 1708 1044 1729 muro
1059 1702 1113 1729 aut
1129 1708 1203 1739 rupe
1209 1698 1319 1740 firma.
1364 1697 1499 1728 Achilles
1512 1699 1616 1727 tamen

155 1742 332 1772 adrerterat
351 1742 487 1782 Cycnum
504 1741 652 1779 infectum
667 1742 818 1779 sanguine
832 1752 890 1781 qua
912 1745 1001 1780 parte
1017 1744 1078 1772 tact
1086 1750 1121 1771 us
1128 1741 1251 1779 suerat,
1273 1744 1302 1771 et
1320 1740 1472 1771 incassum
1488 1739 1615 1770 laetatus

155 1787 235 1814 erat.
282 1784 384 1823 Plaga
400 1785 483 1814 nulla
499 1788 565 1814 erat
581 1796 590 1820 ,·
614 1785 664 1814 ille
674 1784 741 1821 suit
758 1784 887 1823 sanguis
902 1785 1059 1814 Mena’tae.
1108 1784 1183 1814 Tum
1200 1793 1269 1814 tero
1277 1783 1393 1821 surm«
1407 1791 1545 1822 pra’ceps
1559 1783 1614 1813 de-

155 1826 270 1856 scendit
285 1826 324 1856 ab
339 1827 457 1857 excelso
473 1836 577 1865 curru,
593 1830 685 1867 atque
707 1831 815 1866 petens
838 1826 973 1857 caminus
993 1826 1102 1866 gladio
1127 1836 1250 1857 corusco
1273 1826 1389 1856 hostem
1406 1828 1517 1864 tutum,
1531 1824 1616 1855 videt

156 1871 274 1899 scutum
290 1872 382 1910 atque
397 1870 547 1901 cassidem
569 1870 726 1909 penetrari
740 1870 860 1909 gladio,
875 1873 905 1900 e!
914 1869 1038 1907 ferrum
1053 1869 1149 1900 etiam
1165 1869 1289 1900 retundi
1310 1869 1341 1898 in
1355 1868 1458 1908 rigido
1480 1877 1615 1908 corpore.

764 1965 959 1978 000000000
964 1965 1000 1978 00

155 2045 208 2081 toe,
225 2045 263 2072 ut
287 2051 381 2080 agere
396 2041 548 2081 fulmina,
574 2043 648 2080 tela,
674 2043 835 2081 &sce—116
859 2042 1014 2074 Menoeten
1029 2051 1047 2073 e
1073 2041 1204 2073 duobus
1230 2041 1271 2072 R.
1298 2041 1394 2072 dedit
1418 2040 1537 2073 Heius.
1554 2049 1615 2080 pro

154 2084 245 2125 vulg.
264 2084 427 2115 Nemeten.
473 2085 603 2125 Sprotii
622 2085 706 2116 Cod.
734 2086 835 2116 media
849 2086 886 2116 de
912 2085 1010 2125 plebe,
1061 2085 1127 2116 uod
1155 2085 1342 2124 repetitum
1359 2094 1401 2115 ex
1418 2083 1475 2114 lib.
1492 2092 1524 2114 v.
1541 2085 1616 2114 207.

155 2130 254 2168 putat
268 2126 387 2158 Burni.
423 2127 544 2158 Plures
559 2127 656 2167 Lycia
672 2129 710 2158 de
734 2130 948 2166 genta—118
973 2095 1066 2159 Meg.
1097 2127 1164 2162 Quo
1183 2127 1336 2165 foedante.
1376 2126 1442 2157 Sed
1467 2127 1617 2166 plangere

156 2170 318 2201 usitatum
335 2170 368 2200 in
385 2170 446 2200 hac
462 2180 496 2201 re
511 2170 630 2202 Heius.
648 2169 771 2211 probat
794 2170 834 2201 ad
862 2178 916 2201 nr.
935 2173 1007 2201 125.
1033 2169 1167 2200 Deinde
1194 2170 1288 2209 gravi
1304 2169 1456 2200 Berolin.
1492 2168 1617 2200 Ver-tice

156 2211 278 2243 Heins.
296 2222 338 2242 ex
357 2213 465 2243 tribus
486 2214 566 2243 Mss.
584 2213 747 2252 reposuit,
763 2222 838 2244 cum
856 2217 956 2244 antea
969 2215 1093 2253 pectore
1107 2212 1407 2251 legebatur.-—12o
1430 2211 1472 2242 V.
1487 2215 1522 2242 et
1540 2215 1617 2242 octo

155 2254 213 2285 alii
229 2255 309 2285 mod.
325 2255 593 2286 cincinnum-121
621 2256 713 2287 Olim
738 2255 906 2286 edebatur
930 2255 1012 2287 Utar
1027 2255 1060 2286 in
1073 2255 1128 2286 hoc
1144 2256 1235 2286 idem.
1272 2255 1487 2285 Postremum
1503 2262 1614 2285 emen-

156 2297 251 2328 davit
268 2297 387 2328 Const.
407 2298 549 2329 Fanens.
576 2298 609 2328 in
624 2298 703 2328 Ιιιιηε
719 2303 832 2329 alitem
854 2308 872 2329 e
887 2298 1085 2329 melioribus
1114 2298 1246 2338 recepit
1272 2297 1394 2329 Heins.
1411 2298 1467 2338 qui
1483 2296 1618 2334 etsatur

157 2339 303 2371 mutavit
331 2341 364 2371 in
386 2339 480 2378 satus
497 2340 706 2371 auctoritate
720 2347 864 2382 quatuor
880 2341 965 2372 Mss.
993 2341 1067 2372 Pal.
1085 2350 1153 2373 sec.
1169 2344 1275 2372 fertur
1290 2341 1322 2371 in
1338 2341 1430 2379 hunc,
1446 2344 1483 2371 nt
1499 2349 1523 2370 1.
1542 2342 1615 2371 236.

155 2383 164 2399 ‘
181 2382 341 2415 Vertitur
358 2383 390 2413 in
410 2383 691 2423 pecudes.'—l23
718 2383 813 2415 Leid.
828 2393 913 2414 unus
930 2389 966 2415 et
984 2383 1070 2415 alius
1086 2384 1206 2416 Heius.
1221 2384 1372 2423 actitata,
1389 2388 1426 2414 ut
1442 2392 1480 2414 ιι.
1496 2385 1617 2413 605.—

159 2427 219 2456 12⁷
243 2425 343 2464 ang.
359 2426 488 2465 sanguis
504 2425 584 2463 suit.
610 2426 676 2456 Sed
702 2425 816 2457 Bnrm.
834 2436 851 2457 e
868 2426 966 2458 Cant.
982 2431 1018 2458 et
1034 2435 1100 2458 uno
1117 2427 1238 2458 Heins.
1266 2430 1346 2465 erut,
1362 2431 1400 2458 ut
1414 2427 1456 2457 sit
1474 2430 1616 2455 venusta

158 2473 194 2499 et
209 2469 399 2500 necessaria
416 2469 698 2509 repentia—128
723 2469 874 2500 Berolin.
890 2479 972 2500 curr.
987 2479 1082 2510 praec.
1101 2469 1155 2501 Fr.
1171 2475 1207 2501 et
1223 2469 1290 2500 duo
1306 2468 1615 2507 aflifni-thumum—

159 2513 222 2542 129
244 2511 340 2542 Unus
357 2511 476 2542 Heins.
493 2516 527 2542 et
545 2512 623 2541 Bas.
641 2514 669 2541 ct
685 2513 765 2541 nudo
777 2515 1036 2544 securum—130
1059 2512 1219 2544 Heidelb.
1240 2513 1316 2543 Ens.
1331 2513 1528 2552 petit.—131
1548 2509 1616 2539 Pro

159 2556 189 2584 ee
205 2553 346 2586 Bothiun
361 2563 449 2586 corr.
466 2558 511 2585 at.
536 2553 692 2585 Gifanius
718 2553 794 2585 Iud.
822 2555 958 2587 Lucret.
980 2555 1014 2586 in
1027 2555 1183 2587 invalidus
1207 2555 1293 2596 legit
1309 2558 1337 2586 ce
1354 2556 1478 2586 induro.
1503 2551 1615 2583 Faber

823 2663 852 2695 N
858 2663 960 2695 01¹AE

206 2739 266 2767 110
290 2735 402 2776 Lycia]
428 2736 515 2767 Nam
531 2742 566 2768 et
591 2738 699 2777 Lycii,
723 2739 858 2770 tametsi
957 2742 1019 2770 122
1059 2735 1233 2776 Fraxinus]
1269 2735 1377 2766 Hasta
1411 2743 1452 2765 cx
1485 2732 1614 2764 fraxino

159 2787 192 2818 in
209 2785 344 2817 diversa
359 2796 418 2818 ora
443 2792 478 2817 et
504 2787 546 2818 ad
568 2788 858 2822 Mediterraneum
912 2790 1039 2822 decisa.

157 2838 226 2880 niti,
239 2837 398 2879 Trojanis
411 2838 535 2871 auxilio
551 2844 658 2872 erant.
