1831 3023
451 600 528 655 Ρ.
585 595 952 657 OVIDII
1020 595 1499 656 NASONIS

345 837 1596 915 METAMORPHOSEON

753 1094 1021 1143 LIBER
1073 1095 1192 1142 Vll.

482 1541 598 1583 FAB.
630 1541 667 1582 Ι.
730 1540 897 1582 Dentes
919 1541 1136 1582 Draconis
1158 1542 1202 1582 in
1226 1541 1457 1582 Homines.

244 1645 359 1680 JAsoN
376 1647 506 1679 AEsonis
522 1647 620 1687 filius,
640 1647 758 1678 missus
786 1657 805 1678 a
830 1647 926 1679 Pelia
943 1648 1097 1688 Neptuni
1114 1647 1183 1679 filio
1200 1658 1275 1680 cum
1298 1647 1497 1688 proceribus
1514 1647 1699 1680 Graiorum

289 1701 432 1732 Colchos
448 1701 491 1732 ad
507 1702 629 1741 pellem
647 1711 783 1731 auream
799 1701 1059 1742 importandam]
1080 1701 1303 1742 adjutricibus
1318 1703 1452 1733 Junone
1469 1711 1509 1732 ac
1525 1702 1694 1742 Minerva,

289 1756 328 1783 ut
352 1753 458 1783 AEetae
487 1753 572 1783 Solis
594 1752 655 1783 filii
681 1753 825 1793 contigit
842 1753 981 1794 regiam,
1007 1753 1258 1794 pulchritudine
1278 1764 1338 1784 sua
1364 1754 1513 1794 perculit
1533 1753 1694 1785 Medeam

287 1803 450 1835 adversus
466 1811 656 1845 parentem,
673 1810 710 1836 ut
726 1805 788 1836 sibi
805 1805 916 1846 potius
945 1815 1042 1846 quam
1060 1806 1149 1846 patri
1163 1806 1364 1837 consuleret.
1401 1807 1494 1847 Ergo
1510 1806 1693 1847 obligatum

287 1856 448 1888 Jasonem
465 1858 591 1899 coegit,
605 1863 642 1890 ut
657 1858 758 1890 fidem
774 1862 955 1899 praestaret
971 1858 1115 1899 conjugii
1134 1868 1214 1899 erga
1228 1868 1274 1889 se.
1322 1859 1411 1890 Nam
1427 1863 1543 1890 tauros
1564 1859 1694 1900 spiran-

286 1913 338 1940 tes
354 1910 480 1951 ignem,
493 1916 528 1943 et
543 1912 723 1944 draconem
739 1911 989 1943 custodientem
1003 1912 1223 1952 templum‚et
1240 1916 1354 1952 tergus
1372 1916 1537 1951 auratum,
1553 1911 1693 1943 venenis

286 1966 389 2003 atque
401 1965 604 1995 carminibus
621 1964 736 2005 coegit
751 1973 871 2004 parere
885 1964 1002 1997 Jasoni
1017 1975 1025 2002 ;
1050 1969 1088 1994 ut
1109 1965 1276 2004 proscisso
1293 1965 1363 1995 solo
1380 1964 1499 1996 dentes
1515 1964 1693 1996 obsereret

284 2016 463 2056 serpentis,
487 2027 528 2048 ex
554 2018 674 2058 quibus
702 2027 799 2058 seges
828 2022 1033 2048 armatorum
1064 2022 1308 2057 procresceret.
1354 2017 1452 2047 Inter
1475 2026 1570 2058 quos,
1595 2020 1633 2048 ut
1659 2015 1691 2047 ei

285 2073 496 2108 praeccptum
514 2075 588 2100 erat
604 2080 624 2100 a
639 2070 918 2110 Medea,jactato
935 2070 1041 2107 silice,
1055 2069 1166 2110 coegit
1182 2079 1238 2100 eos
1252 2069 1341 2100 inter
1354 2079 1387 2099 se
1402 2069 1578 2101 dimicare.
1621 2068 1689 2102 Qui

283 2124 398 2151 mutuo
415 2120 503 2152 bello
521 2122 756 2153 conciderunt.
801 2121 864 2152 His
881 2122 997 2161 gestis,
1010 2121 1114 2153 Jason
1130 2131 1203 2152 cum
1221 2121 1346 2152 Medea
1361 2121 1480 2153 Iolcon
1495 2121 1590 2153 abiit.

238 2209 284 2267 J
288 2231 460 2273 AMQUE
478 2222 631 2264 fretum
654 2223 822 2276 Minyae
844 2222 1061 2277 Pagasaea
1080 2237 1229 2277 puppe
1250 2225 1472 2274 secabant,

242 2291 548 2345 Perpetuaque
569 2289 738 2331 trahens
758 2292 930 2343 inopem
951 2291 1031 2332 sub
1052 2297 1180 2332 nocte
1200 2295 1420 2333 senectam

282 2426 307 2449 ι,
331 2418 376 2449 Et
392 2417 461 2457 jum
484 2418 607 2459 Minyae
621 2418 778 2449 sulcabant
794 2427 877 2449 mare
890 2418 961 2449 navi
977 2418 1130 2458 Pagasaea
1142 2429 1155 2456 ;
1177 2422 1207 2450 et
1232 2418 1372 2450 Phineus
1397 2419 1481 2451 visus
1503 2422 1569 2451 erac
1589 2428 1685 2459 agens

897 2524 1038 2556 NOTAE

282 2599 298 2628 l
335 2596 504 2638 Pagasoea]
540 2598 634 2640 Argo
665 2603 717 2629 est
745 2608 765 2629 a
794 2597 934 2639 Pagasis
1030 2601 1050 2629 2
1074 2598 1227 2639 Perpetua
1238 2599 1291 2630 sub
1305 2598 1406 2638 nocte]
1429 2598 1519 2631 Quia
1534 2607 1684 2631 occaeca-

237 2648 420 2681 Thessaliae
446 2651 542 2689 urbe,
565 2661 631 2682 non
653 2651 771 2691 procul
793 2661 813 2681 a
835 2651 933 2681 Pelio
988 2652 1062 2687 tus;
1098 2648 1168 2680 haec
1197 2654 1250 2681 est
1284 2649 1371 2680 enim
1401 2648 1525 2681 Phinei
1556 2647 1682 2681 fabula.

237 2702 364 2738 monte,
373 2699 474 2738 juxta
485 2709 584 2742 quam
596 2699 762 2732 fabricata
773 2704 826 2732 est
837 2699 932 2730 navis
987 2696 1151 2737 Agenoris
1173 2708 1230 2729 seu
1246 2699 1416 2730 Phoenicis
1428 2698 1494 2730 fuit
1505 2697 1606 2738 filius,
1619 2709 1680 2730 rex

236 2746 286 2778 sic
302 2747 403 2780 dicta.
989 2746 1160 2788 Arcadiae,
1173 2750 1225 2779 vel
1242 2749 1354 2790 potius
1365 2748 1528 2790 Thraciae,
1540 2753 1599 2781 aut
1614 2749 1677 2780 Pa-
