1831 3023
142 260 255 302 1528
632 273 672 305 Ρ.
703 272 862 303 ovrnn
897 272 1108 305 NASONIS

144 364 279 406 Sacra
298 366 433 406 tulere
454 379 598 407 suam:
634 379 738 419 pars
758 370 825 406 est
841 366 942 407 data
962 371 1105 409 cetera
1125 368 1305 409 mensis.

144 432 419 474 Discubuere
439 435 547 474 toris
567 446 793 486 proceres;
825 437 867 474 et
887 447 1073 488 corpora
1095 439 1210 476 tosta

146 498 290 540 Carne
309 501 499 553 replent:
532 502 722 552 vinoque
742 501 889 542 levant
908 515 1119 557 curasque
1136 503 1352 556 sitimque.

147 565 252 607 Non
270 567 368 606 illos
391 567 589 615 citharae,
611 580 699 607 non
718 567 823 607 illos
845 569 1040 609 carmina
1060 583 1235 619 vocum,

146 632 354 685 Longam
372 633 582 674 multifori
604 634 796 675 delectat
816 635 922 675 tibia
941 636 1050 677 buxi
1067 652 1076 678 :

148 699 234 739 Sed
255 704 425 740 noctem
446 714 642 742 sermone
664 701 857 742 trahunt:
888 703 1110 758 virtusque
1130 701 1336 757 loquendi

148 764 342 807 Materia
360 772 443 809 est.
504 768 705 821 Pugnam
724 769 913 811 referunt
931 771 1157 825 hostisque
1179 781 1399 823 suamque.

150 830 288 885 Inque
306 835 428 875 vices
451 836 574 876 adita
595 841 723 888 atque
743 836 958 876 exhausta
977 837 1174 889 pericula
1193 850 1314 889 saepe

150 898 495 943 Commemorare
509 903 648 956 juvat.
708 901 828 950 Quid
845 902 959 942 enim
978 903 1232 955 loqueretur
1251 902 1448 944 Achilles
1466 906 1485 945 'l

148 965 243 1008 Aut
264 969 370 1021 quid
392 970 510 1023 apud
530 982 734 1022 magnum
754 970 904 1021 potius
923 968 1201 1022 loquerentur
1220 967 1469 1010 Achillem?

149 1034 364 1076 Proxima
383 1037 608 1090 praecipue
626 1037 789 1077 domito
810 1036 998 1079 victoria
1021 1036 1172 1090 Cycno

152 1100 206 1140 In
225 1114 420 1143 sermone
441 1103 538 1144 fuit.
600 1103 763 1144 Visum
783 1103 983 1144 mirabile
1005 1105 1186 1152 cunctis,

153 1167 288 1218 Quod
301 1171 454 1223 juveni
475 1185 638 1225 corpus
658 1172 778 1212 nullo
799 1172 1063 1225 penetrabile
1084 1172 1187 1222 telo,

153 1235 464 1292 Invictumque
486 1239 540 1279 ad
561 1238 737 1279 vulnera
758 1242 864 1289 erat,
887 1239 1132 1293 ferrumque
1153 1239 1333 1280 terebat.

1515 766 1600 809 160

1522 1104 1606 1145 165

156 1368 273 1404 coelum,
289 1378 376 1400 sacra
402 1369 573 1401 habuerunt
596 1380 681 1401 suam
705 1374 827 1410 partem
840 1380 850 1400 .·
872 1370 991 1411 reliqua
1006 1374 1051 1401 est
1071 1370 1213 1402 adhibita
1227 1371 1349 1401 mensis.
1393 1368 1610 1401 Accubuermit

156 1411 282 1441 excelsis
295 1411 382 1442 lectis
391 1423 403 1448 ;
433 1417 462 1442 et
477 1414 667 1443 satiaverunt
682 1423 808 1452 corpora
821 1413 964 1443 carnibus
978 1413 1069 1451 assis,
1084 1417 1114 1443 et
1127 1414 1246 1444 leniunt
1260 1423 1342 1443 mero
1358 1415 1388 1442 et
1401 1412 1613 1442 solicitudines

156 1457 183 1482 et
205 1453 300 1483 sitim.
346 1455 452 1494 Neque
478 1455 565 1495 lyroe,
580 1464 673 1495 neque
687 1455 826 1485 carmina
848 1458 986 1494 cantata,
1006 1457 1054 1486 vel
1069 1456 1162 1494 longa
1188 1456 1267 1486 tibia
1289 1455 1363 1486 buxi
1379 1454 1529 1491 multifori
1543 1453 1612 1484 illos

156 1495 309 1526 oblectat.-
346 1497 398 1526 εει]
421 1498 600 1536 transigunt
624 1500 744 1528 noctem
769 1497 944 1537 colloqui&
980 1501 1071 1537 atque
1093 1498 1194 1528 virtus
1219 1501 1266 1528 est
1292 1497 1422 1527 materia
1445 1497 1612 1527 discursus.

158 1538 303 1568 Narrant
318 1540 486 1569 certamina
501 1540 635 1570 hostium
649 1543 741 1579 atque
764 1549 829 1571 sua.
873 1540 976 1580 Atque
993 1544 1122 1579 gratam
1138 1544 1184 1571 est
1205 1540 1337 1570 vicissim
1362 1549 1490 1570 narrare
1504 1538 1613 1570 discri-

158 1581 241 1610 mina
267 1581 370 1611 crebro
395 1585 516 1612 tentata
539 1585 628 1622 atque
644 1586 765 1613 exacta.
814 1582 898 1617 Quia
921 1582 1002 1613 enim
1027 1583 1141 1613 diceret
1164 1580 1328 1614 Achilles?
1352 1582 1397 1612 vel
1412 1582 1486 1621 quid
1507 1581 1613 1621 potius

158 1627 359 1654 memorarent
374 1625 455 1663 apud
471 1634 616 1663 magnum
630 1622 808 1654 Achillem?
857 1624 977 1654 Ultima
989 1625 1119 1655 victoria
1132 1624 1308 1665 praesertim
1318 1624 1399 1654 victo
1418 1626 1520 1664 Cycno
1536 1633 1614 1654 com-

158 1669 324 1696 memorata
331 1665 411 1704 fuit.
461 1666 568 1697 Visum
590 1666 732 1696 mirabile
747 1666 886 1696 omnibus
902 1667 979 1705 quod
995 1676 1102 1705 corpus
1117 1671 1195 1698 esset
1203 1667 1316 1705 juveni
1339 1666 1422 1696 nullo
1429 1666 1534 1704 jaculo
1549 1666 1613 1695 vio-

160 1708 262 1744 labile,
276 1717 370 1748 neque
389 1709 492 1748 plagis
517 1708 691 1749 obnoxium,
717 1711 807 1747 atque
822 1707 948 1745 ferrum
971 1709 1160 1739 retunderet.
1206 1709 1352 1739 AEacides
1366 1708 1421 1738 hoc
1433 1707 1616 1745 mirabatur,

776 1802 795 1813 -e

971 1802 1008 1814 ιο

164 1869 279 1898 Burin.
297 1867 415 1899 nidore
432 1869 520 1899 enim
536 1868 629 1909 pasci
655 1869 747 1900 Deos
763 1869 930 1901 creditum
948 1872 1141 1901 esse—154
1163 1868 1261 1900 Leid.
1277 1873 1314 1901 et
1338 1867 1466 1909 Sprotii
1480 1867 1619 1900 maxima

164 1911 394 1941 mensis.—l56
419 1911 461 1943 Ο.
478 1916 514 1942 et
541 1921 625 1943 unus
643 1911 764 1944 Heius.
788 1913 980 1953 animumque
1006 1912 1170 1952 sitimque:
1193 1912 1276 1943 alius
1304 1912 1399 1943 Leid.
1417 1916 1451 1943 et
1478 1910 1618 1952 Sprotii,

161 1957 425 1992 curasque—158
448 1954 595 1994 Longane
609 1960 662 1985 est
680 1965 699 1985 a
712 1955 926 1993 melioribus3
949 1955 1048 1996 vulgo
1064 1955 1242 1995 Longaque.
1268 1954 1406 1985 Deinde
1423 1953 1478 1985 alii
1493 1953 1620 1985 habent

162 1996 344 2032 „colliseum
366 1996 412 2027 N.
428 2002 464 2028 et
479 1998 536 2028 alii
560 1997 717 2039 multifidi.
740 1998 799 2029 Pr.
816 1999 859 2030 V.
887 1998 989 2030 etiam
1020 2007 1096 2029 cum
1127 1997 1248 2037 fragm.
1273 1996 1431 2028 Theatin.
1451 1996 1492 2027 Ο.
1507 2001 1542 2028 et
1558 2005 1619 2027 sex

165 2038 239 2068 aliis
252 2039 414 2070 delectant.
439 2039 479 2071 A.
495 2041 648 2071 delectant
661 2041 808 2072 carmina.
833 2041 902 2072 Pro
917 2041 993 2071 buxi
1009 2041 1110 2071 etiam
1127 2040 1215 2070 Maz.
1242 2042 1452 2070 eornm—160
1474 2039 1621 2078 Pugnam

167 2091 345 2120 ...suamque
360 2082 474 2114 Burm.
506 2083 601 2113 dedit
621 2092 663 2113 ex
681 2083 714 2113 S.
733 2083 856 2122 Marci,
872 2083 912 2114 V.
929 2092 997 2114 sec.
1013 2083 1090 2113 Pal.
1109 2082 1215 2113 tribus
1231 2082 1325 2113 Med.
1342 2081 1504 2121 aliisque:
1529 2081 1620 2121 vulg.

164 2128 507 2162 pugnuS...suas.—161
532 2126 590 2156 Pr.
608 2124 714 2156 Gron.
731 2131 767 2156 et
789 2126 855 2156 duo
882 2126 938 2156 alii
958 2129 1069 2156 exacta
1093 2125 1295 2164 peria—163
1321 2124 1470 2154 Berolin.
1495 2126 1561 2162 pot.
1578 2123 1622 2153 lo-

166 2169 430 2204 quendum—164
454 2168 599 2198 Plurimi
615 2168 1110 2208 domiti...('ycni.—166Juveni
1125 2176 1166 2196 ex
1185 2166 1292 2197 Codd.
1311 2166 1429 2196 Heius.
1447 2165 1542 2196 dedit
1558 2174 1619 2205 pro

167 2208 259 2246 vulg.
271 2207 407 2244 jarem.
432 2209 527 2239 Med.
559 2218 693 2249 quoque
721 2220 803 2249 corp.
835 2211 912 2240 nulli
935 2213 1056 2249 penetr.
1081 2209 1229 2239 nonnulli
1246 2208 1346 2239 etiam
1375 2208 1482 2239 Codd.
1511 2208 1621 2248 nulliq-

169 2249 309 2282 t‘oraln'cis
324 2251 505 2281 icta—16⁷
529 2253 581 2282 Ad
596 2252 720 2282 vulnera
737 2256 789 2282 est
813 2261 855 2282 ex
881 2252 1000 2282 Urbin.
1027 2251 1154 2282 Thuan.
1172 2251 1301 2282 duobus
1328 2250 1420 2281 Med.
1438 2260 1488 2290 pr.
1515 2250 1622 2281 Ham·

170 2293 266 2332 burg.
281 2297 317 2323 et
342 2293 436 2330 aliis;
464 2298 534 2324 tres
551 2294 655 2324 etiam
679 2295 720 2323 ad
746 2295 873 2324 vulnus.-
897 2295 986 2334 vulg.
1003 2304 1022 2324 a
1038 2295 1171 2324 vulnere.
1197 2293 1330 2324 Deinde
1345 2302 1506 2333 verumque
1523 2292 1622 2332 prim.

171 2335 276 2367 Gron.
294 2339 328 2366 et
344 2335 438 2366 Med.
454 2334 755 2376 mirumqueferebat
770 2337 823 2367 vel
838 2336 959 2368 terebat
974 2337 1028 2367 Fr.
1038 2336 1164 2374 ferebat
1179 2345 1301 2376 magno
1313 2345 1452 2366 numero
1466 2335 1620 2366 codices:

827 2430 967 2462 NOTAE

217 2508 279 2536 154
303 2505 385 2536 Pars
409 2509 455 2536 est
480 2505 569 2546 data]
591 2506 756 2538 Solebant
782 2507 872 2538 enim

176 2559 310 2587 veteres
327 2555 503 2587 sacrificiis
532 2558 678 2597 peractis
696 2557 737 2588 ad
755 2557 872 2597 epulas

174 2611 210 2637 et
225 2606 378 2637 convivia
395 2616 466 2636 sese
489 2611 703 2646 convertere,
720 2607 872 2637 Deorum

926 2506 1115 2538 hominibus
1140 2507 1323 2548 plerisque,
1351 2506 1441 2548 quod
1471 2504 1624 2537 Ethnicis

925 2558 1064 2588 solenne
1087 2557 1164 2595 fuit,
1193 2557 1335 2598 alicujus
1362 2556 1522 2587 momenti
1552 2565 1624 2587 esse

926 2609 1112 2639 videi-etur.

176 2656 308 2687 laudem
325 2666 398 2687 cun·
417 2657 538 2687 laetitia
551 2657 775 2687 celebrantes.

221 2710 280 2738 155
308 2707 414 2746 Tosta]
441 2707 593 2747 Namque
619 2706 707 2737 elixa
729 2706 874 2737 heroicis

180 2756 387 2796 temporibus
401 2766 469 2786 non
484 2750 716 2787 vescebantur.

223 2808 284 2837 159
322 2806 444 2847 Virtus]
478 2806 617 2838 Utinam
644 2815 727 2838 vero
754 2806 877 2839 nostris

971 2662 1030 2689 161
1056 2659 1154 2699 Inque
1179 2657 1273 2697 vices]
1296 2658 1364 2688 Sua
1393 2656 1537 2697 quisque
1564 2664 1626 2687 suo

928 2709 1044 2739 ordine
1061 2708 1355 2740 commemorabat.

973 2763 1033 2790 163
1070 2760 1155 2795 Quid
1184 2758 1280 2799 apud]
1318 2756 1462 2790 Quando
1491 2755 1627 2787 eveniet

930 2809 1021 2841 istud
1038 2809 1128 2842 inter
1154 2808 1363 2842 Christianos
1383 2806 1554 2849 plurimos,
1577 2809 1629 2847 ut,
