1831 3023
534 217 1004 252 METAMORPHOSEON
1038 218 1132 248 Lm.
1168 219 1219 248 ix
1229 241 1238 249 .
1498 213 1611 252 1379

166 315 365 358 Murmur
378 319 483 358 erat.
542 313 747 364 Queritur
766 317 935 353 veteres
954 311 1197 352 Pallantias
1218 324 1358 353 annos
1528 317 1612 357 420

165 382 376 438 Conjugis
396 394 493 423 esse
514 380 612 420 sui:
642 378 838 432 queritur
859 391 1089 420 canescere
1110 379 1227 419 mitis

167 447 350 491 Iasiona
368 449 522 490 Ceres:
553 447 777 500 repetitum
800 446 1017 488 Mulciber
1047 460 1190 488 aevum

166 516 325 558 Poscit
345 515 642 557 Erichthonio.
703 513 914 555 Venerem
939 526 1114 568 quoque
1136 526 1240 555 cura
1259 514 1396 557 futuri

166 585 339 639 Tangit,
360 587 402 624 et
419 582 628 623 Anchisae
651 594 859 623 renovare
880 583 1120 636 paciscitur
1138 595 1288 623 annos.

167 651 250 693 Cui
272 650 458 698 studeat,
481 648 605 689 Deus
626 649 767 689 omnis
788 649 943 690 habet:
976 650 1223 703 crescitque
1242 650 1392 691 favore
1530 650 1615 692 425

165 717 361 759 Turbida
381 716 537 756 seditio
554 729 564 766 ;
595 715 733 756 donec
755 729 836 757 sua
855 715 1031 769 Jupiter
1052 729 1129 758 ora

166 785 330 825 Solvit:
361 787 417 832 et,
440 781 495 832 O,
515 785 650 824 nostri
670 784 706 824 si
728 796 817 838 qua
837 790 905 825 est
923 786 1187 836 reverentia;
1219 787 1349 836 dixit,

167 850 267 901 Quo
288 851 443 892 ruitis?
475 854 702 892 tantumne
720 852 805 892 sibi
825 853 923 905 quis
943 865 1079 906 posse
1100 852 1288 902 videtur,

166 916 281 958 Fata
301 931 478 972 quoque
498 922 547 959 ut
567 920 774 972 superet?
836 918 962 960 Fatis
985 919 1137 960 Iolaus
1160 921 1202 960 in
1221 933 1376 970 annos,

161 1060 235 1091 aliie
262 1061 366 1092 eadem
394 1070 530 1092 munera.
586 1061 765 1092 Pallantias
792 1062 937 1101 queritur
966 1065 1090 1092 aetatem
1114 1062 1162 1092 eui
1189 1062 1294 1092 marin
1323 1070 1386 1092 esse
1411 1060 1615 1092 exhaustam.-

164 1103 245 1133 ulma
272 1103 366 1134 Ceres
380 1103 519 1143 queritur
541 1104 694 1135 lusionem
718 1115 892 1135 canescere.-
921 1104 1072 1135 Vulcanus
1093 1104 1173 1144 petit
1196 1114 1291 1135 annos
1314 1107 1474 1134 renovatos
1506 1103 1618 1134 Erich-

165 1145 280 1177 thonio.
347 1146 518 1177 Solicitudo
554 1148 592 1177 de
628 1145 741 1184 futuro
776 1151 874 1178 moret
911 1147 1003 1177 etiam
1047 1147 1206 1184 Venerem,
1239 1150 1269 1176 et
1305 1148 1433 1186 spondet
1471 1156 1615 1185 reparare

165 1197 258 1218 annos
287 1188 444 1219 Anchise.
497 1189 635 1223 Quilibet
670 1190 757 1220 Deus
784 1190 876 1221 habet
899 1190 949 1220 cui
972 1189 1106 1227 sareas:
1143 1193 1173 1220 et
1200 1190 1389 1220 tumultuosa
1419 1189 1528 1220 seditio
1559 1199 1614 1219 au-

162 1233 255 1268 getur·
266 1230 389 1269 favore,
404 1232 498 1261 donec
512 1232 638 1271 Jupiter
660 1242 692 1262 os
715 1242 804 1262 suum
827 1233 971 1272 (ψει-εἰη
993 1235 1097 1272 atque,
1122 1232 1164 1269 0,
1187 1231 1302 1271 inquit,
1323 1232 1350 1262 si
1376 1232 1444 1272 quis
1459 1235 1504 1262 est
1520 1235 1617 1261 metus

162 1272 272 1312 nour-i,
288 1283 345 1314 quo
352 1272 523 1311 ferimini?
544 1277 702 1305 tantumne
725 1284 809 1315 posse
832 1276 946 1315 aliquis
971 1274 1033 1305 sibi
1058 1275 1191 1312 videtur,
1217 1278 1251 1304 ut
1277 1275 1379 1304 tincae
1404 1274 1497 1304 etiam
1513 1270 1616 1310 sata?

778 1372 1008 1383 mmm

162 1438 333 1470 tremebant
347 1439 398 1470 vel
407 1437 676 1476 ferebant—419
691 1438 769 1469 Bas.
783 1441 818 1469 et
833 1437 900 1467 duo
914 1437 970 1467 alii
982 1437 1048 1468 ead.
1059 1437 1176 1467 donare
1186 1435 1348 1467 lia—420
1360 1435 1512 1468 Berolin.
1524 1447 1618 1477 quare

166 1490 226 1521 pro
249 1482 503 1521 quaeritura-«121
529 1481 624 1511 Mitis
639 1481 671 1511 in
690 1480 859 1521 plerisque
875 1484 961 1510 vett.
978 1479 1035 1510 alii
1052 1479 1275 1510 mitem—421
1301 1478 1449 1511 Quidam
1463 1480 1620 1512 scribunt

164 1524 286 1562 Iasona,
296 1523 349 1554 vel
358 1524 485 1554 AEsona.
510 1523 651 1554 Variaut
668 1523 887 1553 veliementer
897 1521 1035 1561 scripti:
1050 1521 1221 1561 lucanaque
1235 1522 1316 1552 alma
1327 1521 1421 1553 Ceres
1433 1522 1563 1554 Thuan.
1583 1528 1620 1554 et

166 1566 222 1597 alii
235 1571 324 1604 tres;
340 1566 450 1596 Iamna
455 1565 564 1603 fronte
580 1565 672 1596 Ceres
693 1565 734 1596 R.
752 1575 857 1605 nempe
875 1564 969 1595 Ceres
984 1563 1058 1594 Pal.
1072 1567 1179 1594 sancta
1190 1564 1284 1595 Ceres
1295 1562 1362 1594 duo
1379 1563 1454 1595 Pal.
1462 1564 1551 1604 flava
1564 1565 1621 1596 de-

163 1617 260 1646 cem3
283 1618 361 1639 cana
377 1618 481 1639 unus:
507 1609 677 1648 monaque
694 1608 787 1639 Ceres
802 1606 974 1648 quinque;
998 1607 1115 1637 AEaona
1126 1606 1217 1647 flava
1232 1610 1398 1648 quatuor:
1423 1607 1481 1638 alii
1505 1608 1619 1639 aliter.

164 1653 269 1683 -425
292 1651 388 1682 Unus
406 1650 502 1682 Leid.
528 1651 589 1682 Cui
600 1652 756 1681 studeant.
803 1649 921 1680 Heius.
947 1653 1048 1689 putat
1063 1649 1244 1689 legendum
1274 1649 1335 1680 Cui
1355 1650 1499 1680 studeant
1526 1650 1565 1681 D.
1591 1661 1619 1682 ο.

164 1693 396 1725 Λάκαι-428
419 1693 589 1724 Tantumne
610 1692 670 1724 sibi
685 1693 752 1732 quis
775 1696 826 1723 est
849 1701 892 1722 ex
906 1701 972 1722 uno
988 1691 1080 1722 Mor.
1095 1692 1186 1731 vulg.
1203 1694 1362 1723 tantumne
1376 1692 1490 1732 aliquis
1504 1692 1620 1724 sibi.—

823 1796 965 1829 NOTAE

210 1874 272 1904 ⁴20
289 1870 481 1912 Pallantion]
498 1871 665 1903 Auroram
682 1870 778 1911 dicit,
794 1870 865 1912 Hy-

167 1921 314 1963 perionis
349 1920 467 1959 filiam,
512 1921 676 1952 Pallantis
718 1921 866 1962 gigantis

167 1972 247 2004 Crio
262 1971 326 2002 sati
339 1981 487 2002 sororem
506 1972 705 2012 patruelem.

213 2023 274 2053 421
323 2021 486 2062 Conjugis]
530 2021 682 2060 Tithoni,
722 2021 866 2061 scilicet,

166 2071 420 2110 Laomedontis,
433 2072 655 2112 Trojanorum
675 2071 776 2111 regi-³,
793 2070 865 2109 filii,

166 2122 220 2154 cui
244 2131 264 2153 a
288 2121 408 2153 Parcis
432 2120 736 2159 immortalitatem,
757 2120 866 2152 oblita

166 2177 366 2215 perpetuam
385 2172 602 2212 juventutem
622 2179 773 2211 poscere,
795 2169 865 2201 Au-

166 2232 242 2254 rora
256 2223 522 2263 impetraverat:
547 2220 603 2262 qui
627 2221 719 2252 senio
735 2219 866 2252 confec-

167 2279 221 2305 tus
236 2273 268 2304 in
284 2272 437 2304 cicadam
452 2275 602 2302 mutatus
618 2276 682 2302 est.

210 2326 274 2356 422
309 2321 447 2362 Iasiona]
481 2321 580 2354 Jovis
606 2330 648 2351 ex
673 2321 809 2352 Electra
828 2319 865 2352 fi-

168 2376 266 2413 linum
289 2373 406 2406 Cereri
432 2372 638 2410 adamatum,
653 2371 707 2402 cui
725 2371 865 2403 Plutum

167 2425 363 2457 divitiarum
393 2423 503 2454 Deum
531 2431 672 2461 caecum,
697 2420 865 2463 claudum,

169 2474 391 2516 timidumque
408 2471 556 2514 peperit.

215 2524 382 2564 Mulciber]
403 2523 596 2560 Vulcanus;
629 2531 670 2552 ex
696 2522 794 2562 cnjus
816 2531 866 2553 ee-

170 2573 260 2606 mine
275 2574 310 2605 in
326 2580 450 2605 terram
467 2573 638 2614 prolapso,
649 2581 724 2602 cum
742 2571 869 2604 Miner-

173 2636 222 2657 vae
245 2625 439 2657 entitatem
460 2628 626 2654 temerare
650 2622 868 2662 intentasset,

173 2675 424 2714 Erichthonius,
440 2684 523 2715 puer
545 2673 702 2704 draconis
726 2673 867 2714 pedibus

171 2725 356 2764 horribilis,
386 2729 482 2755 uetus
510 2727 573 2754 eet.
626 2723 702 2756 Qua
730 2723 866 2765 quidem

172 2775 288 2807 fabul·
312 2773 401 2806 haud
428 2773 499 2805 ecio
524 2781 634 2804 ennon
659 2773 804 2806 maxima
823 2774 866 2807 de

919 1869 1062 1901 hominis
1084 1869 1181 1910 lapsu
1206 1870 1369 1911 mysteria
1391 1870 1525 1902 Ethnici
1542 1871 1620 1903 atti-

920 1921 1054 1962 gerint3
1077 1920 1120 1951 de
1147 1920 1268 1962 quibus
1289 1921 1474 1952 etiamnum
1498 1927 1619 1961 aperte

920 1970 1070 2002 scribere
1098 1971 1178 2002 satis
1206 1974 1316 2002 tutum
1341 1971 1432 2011 apud
1450 1971 1621 2011 ignarissi-

920 2029 991 2051 mos
1004 2020 1182 2060 plerosque
1200 2019 1420 2059 Christianos,
1437 2020 1546 2052 ventri
1562 2020 1621 2051 de·

919 2069 1080 2100 struendo
1096 2069 1195 2100 unice
1221 2068 1369 2109 deditos,
1387 2079 1454 2101 nou
1469 2079 1532 2110 ego
1547 2069 1621 2111 qui·

919 2119 996 2151 dem
1023 2120 1156 2161 opinor,
1182 2119 1240 2161 qui
1268 2129 1378 2159 nuper
1406 2120 1529 2151 iterum
1559 2129 1620 2160 per

919 2169 1109 2201 invidorum
1138 2174 1245 2201 tetras
1275 2168 1461 2200 calumnias
1488 2173 1622 2201 tautum

918 2231 986 2252 non
1013 2230 1087 2252 snm
1110 2219 1191 2252 feris
1218 2219 1380 2261 objectus.
1432 2219 1499 2252 Sed
1524 2219 1621 2252 brevi

918 2272 1020 2305 Jesus
1037 2276 1155 2303 noster
1169 2270 1291 2302 aderit.

959 2325 1023 2355 424
1063 2321 1224 2362 Anchisen]
1260 2321 1384 2360 Quem,
1415 2322 1531 2353 AEneae
1561 2331 1620 2362 pa-

918 2377 1018 2413 trem,
1053 2373 1221 2404 Venerem
1265 2380 1393 2402 amasse
1431 2371 1622 2412 Virgiliano

919 2424 1068 2455 carmine
1084 2423 1197 2455 notius
1214 2426 1266 2454 est
1281 2432 1381 2464 quam
1397 2426 1433 2453 ut
1455 2422 1501 2453 sit
1516 2430 1620 2462 expo-

918 2473 1077 2505 nendum.

962 2526 1025 2556 425
1051 2523 1184 2564 Favere]
1209 2523 1301 2554 Dum
1314 2523 1456 2564 quisque
1470 2520 1547 2552 huic
1561 2524 1620 2551 aut

920 2574 970 2606 illi
984 2573 1090 2614 favet,
1111 2580 1146 2606 et
1158 2574 1375 2615 juventutem
1394 2571 1512 2612 poscit.

963 2627 1027 2657 ⁴29
1062 2625 1161 2666 Pata]
1194 2624 1328 2662 Fatum,
1358 2621 1391 2652 id
1421 2629 1518 2652 omne
1543 2627 1619 2650 esse

919 2675 1009 2717 quod
1037 2685 1055 2707 a
1080 2675 1158 2706 Deo
1179 2672 1401 2705 constitutum
1416 2674 1451 2700 et
1466 2668 1621 2709 designa·

922 2730 994 2756 tum
1030 2730 1068 2756 ut
1104 2723 1250 2761 eveniat,
1291 2719 1446 2751 definivit
1483 2719 1617 2752 Cicero.

921 2775 1131 2817 Chrysippus
1153 2770 1424 2804 indeclinabilem
1440 2778 1552 2802 rerum
1566 2779 1617 2802 oe-
