1831 3023
225 208 339 250 1210
709 219 751 248 P.
782 216 942 248 ovum
976 215 1186 248 NAsoms

226 313 419 368 Corpora
440 310 730 366 Cecropidum
751 313 908 365 pennis
929 312 1115 366 pendere
1135 315 1339 366 putares3

228 380 489 422 Pendebant
506 379 672 433 pennis.
732 379 930 429 Quarum
951 380 1060 432 petit
1080 380 1215 420 altera
1234 379 1381 432 sylvas
1395 389 1421 430 3⁷

227 447 379 489 Altera
401 452 515 487 tecta
535 447 667 487 subit.
727 445 886 498 Neque
907 446 1048 486 adhuc
1066 445 1120 486 de
1142 449 1318 499 pectore
1338 443 1477 486 caedis

227 515 442 556 Effluxere
464 517 580 554 notae
599 526 609 563 ;
642 513 898 570 signataque
922 512 1127 564 sanguine
1147 513 1296 566 pluma
1312 515 1392 553 est.
1591 511 1676 553 670

227 581 309 623 Ille
331 582 478 622 dolore
499 593 596 629 suo,
623 592 858 632 poenaeque
880 578 1084 631 cupidine
1105 580 1250 629 velox,

227 649 425 690 Vertitur
446 649 489 688 in
508 648 741 696 volucrem,
765 646 836 687 cui
854 649 973 686 stant
993 646 1037 686 in
1055 647 1217 688 vertice
1240 647 1382 687 cristae
1400 659 1410 687 ε

229 714 452 755 Prominet
473 714 754 755 immodicum
771 712 998 766 prolonga
1019 713 1203 767 cuspide
1223 717 1422 754 rostrum.

230 780 409 822 Nomen
436 780 586 834 Epops
607 778 795 820 volucri:
824 778 962 819 facies
982 784 1147 821 armata
1168 779 1356 821 videtur.

230 847 320 888 Hic
342 848 466 889 dolor
487 852 585 888 ante
605 846 738 895 diem,
759 846 989 900 longaeque
1009 851 1206 888 extrema
1224 849 1413 887 senectae
1595 843 1681 885 675

224 913 463 968 Tempora,
483 912 720 953 Tartareas
741 911 969 954 Pandiona
987 913 1106 955 misit
1124 913 1180 954 ad
1201 913 1386 954 umbras.

384 1110 502 1151 ΕΑΒ.
534 1109 629 1150 ΙΧ.
691 1109 825 1150 Zetes
847 1114 892 1151 et
912 1109 1062 1151 Calais
1083 1123 1142 1152 ex
1162 1117 1290 1164 parte
1310 1112 1357 1152 in
1377 1110 1517 1152 Aves,

226 1221 370 1255 Aomro
392 1230 467 1252 cum
495 1219 691 1260 Orithyiam
722 1217 907 1249 Erechthei
932 1217 1038 1249 filiam
1063 1218 1236 1259 diligeret,
1250 1227 1362 1259 neque
1389 1218 1463 1249 ullis
1489 1217 1684 1259 precibusa
1738 1257 1742 1262 J

268 1274 467 1314 parentibus
483 1274 606 1314 puellae
622 1273 809 1312 impetrare
833 1271 1015 1312 potuisset,
1032 1275 1069 1302 ut
1085 1281 1119 1302 se
1136 1271 1171 1301 in
1195 1269 1393 1302 affinitatem
1409 1271 1614 1311 reciperent,
1637 1271 1685 1301 vi-

268 1326 360 1358 ribus
377 1337 455 1358 usus
473 1327 552 1366 suis,
568 1325 722 1357 Athenas
739 1324 893 1363 advenit,
911 1328 945 1355 et
969 1324 1116 1364 puellam
1130 1328 1264 1365 raptam
1281 1324 1314 1354 in
1327 1324 1506 1355 Thraciam
1526 1324 1683 1364 pertulit,

268 1378 384 1421 ibique
411 1380 585 1420 gravidam
600 1378 706 1409 fecit:
731 1387 775 1408 ex
795 1387 861 1418 qua
877 1377 1026 1415 geminos
1052 1377 1163 1407 Zeten
1179 1382 1215 1407 et
1230 1376 1347 1406 Calain
1364 1376 1579 1416 procreavit:
1605 1385 1687 1417 quo·

269 1441 344 1463 rum
360 1433 506 1463 humeris
525 1432 586 1462 alae
604 1431 775 1462 voluerum
800 1429 1032 1469 increverunt,
1046 1438 1109 1469 per
1135 1438 1218 1470 quas
1248 1428 1399 1468 parentis
1426 1428 1609 1468 imaginem
1635 1437 1686 1459 re-

270 1484 413 1517 ferrent.

228 1572 467 1630 SGEPTRA
488 1585 593 1635 loci,
614 1598 845 1638 rerumque
864 1585 988 1638 capit
1005 1583 1281 1625 moderamen
1302 1582 1572 1624 Erechtheus
1588 1596 1599 1634 ;

228 1697 367 1737 sequitur
385 1696 492 1735 gladio
498 1694 588 1736 filias
605 1694 788 1724 Pandionis.
833 1693 1050 1725 Arbitrareris
1073 1694 1180 1724 harum
1197 1702 1323 1732 corpora
1338 1692 1406 1723 tolli
1417 1692 1548 1732 pennis.-
1571 1691 1691 1723 sublata

228 1742 316 1770 erant
327 1738 457 1778 pennis.-
481 1747 610 1776 quarum
637 1746 698 1767 una
724 1737 749 1767 it
766 1737 800 1766 z'n
815 1746 952 1774 nemora,
977 1737 1078 1766 altera
1100 1746 1133 1766 se
1154 1735 1267 1775 recipit
1282 1735 1315 1765 in
1330 1737 1424 1766 tecta.
1469 1734 1577 1774 Neque
1590 1734 1691 1766 adhuc

228 1782 319 1820 signa
334 1780 416 1811 necis
432 1779 575 1810 abierunt
591 1789 610 1809 α
622 1782 759 1818 pectore,
781 1782 811 1809 et
824 1779 930 1818 pluma
946 1781 991 1808 est
1006 1778 1160 1808 maculata
1175 1787 1293 1807 cruore.
1340 1777 1397 1807 Ille
1412 1777 1492 1807 celer
1505 1785 1560 1808 sua
1573 1775 1636 1815 ira,
1657 1780 1690 1808 et

230 1823 381 1854 desiderio
397 1822 554 1859 vindictoe‚
569 1824 709 1851 mutatur
724 1821 757 1851 in
772 1830 857 1851 avem
870 1831 882 1856 ,·
904 1822 937 1850 in
952 1820 1037 1859 cujus
1059 1830 1174 1850 summo
1185 1819 1286 1859 capite
1301 1819 1404 1850 cristoe
1418 1819 1564 1850 eminent.
1609 1819 1689 1849 Ros-

229 1868 311 1896 trum
326 1865 455 1895 nimium
472 1863 650 1894 extenditur
672 1873 728 1903 pro
745 1864 833 1902 longo
857 1872 1012 1894 mucrone.
1059 1863 1137 1893 Avis
1153 1865 1279 1892 vocatur
1298 1861 1427 1902 Upupa:
1449 1862 1550 1892 vultus
1566 1861 1689 1892 videtur

229 1908 326 1938 armis
341 1908 525 1937 instructus.
558 1906 637 1936 Hoec
653 1916 792 1936 <erumna
804 1905 981 1936 deturbavit
1000 1905 1192 1936 Pandionem
1207 1905 1247 1935 ad
1260 1904 1374 1935 Manes
1386 1903 1514 1943 inferos,
1526 1906 1598 1934 ante
1612 1906 1689 1934 tem·

228 1959 289 1990 pus
305 1953 334 1980 et
350 1949 474 1980 ultimos
489 1949 556 1979 dies
572 1949 730 1987 productoe
745 1947 922 1978 senectutis.

274 2000 329 2023 1x.
354 1992 547 2022 Erechtheus
563 1991 657 2021 sumit
670 1993 790 2030 sceptra
806 1991 875 2029 loci,
892 1993 921 2020 et
936 1989 1099 2029 imperium
1111 1998 1123 2025 ‚·
1145 1993 1247 2029 atque
1263 1989 1413 2019 incertum
1427 1986 1576 2018 fueritne
1591 1986 1690 2027 major

836 2081 1074 2094 OOOOO'OO‘OOO

232 2150 288 2181 vel
304 2149 517 2187 immersaque.
533 2148 650 2178 Heius.
666 2147 788 2178 suadet
799 2150 1088 2188 semesaque—669
1100 2147 1139 2178 In
1155 2156 1221 2177 uno
1233 2146 1322 2177 Mor.
1338 2148 1411 2176 tect.
1424 2145 1616 2177 colit-6⁷0
1629 2144 1690 2184 Es-

224 2193 351 2234 fluxere
367 2196 419 2221 est
434 2199 474 2220 ex
493 2191 572 2220 Lov.
600 2190 687 2228 vulg.
709 2191 991 2222 Excessere—6⁷1
1016 2191 1116 2222 Cant.
1140 2190 1216 2220 Inde
1228 2190 1289 2220 dol.
1312 2189 1430 2219 Heius.
1454 2187 1689 2224 dol.furem.-

234 2237 297 2266 673
321 2233 418 2264 Idem
435 2233 558 2262 immod.
581 2232 861 2271 proelonga.—674
882 2233 966 2264 Cod.
984 2232 1140 2263 Menai-d.
1155 2241 1233 2262 arm.
1248 2231 1514 2262 remansit.-—675
1538 2229 1690 2263 Berolin.

231 2277 297 2309 liic
311 2277 372 2307 dol.
388 2276 437 2306 hic
462 2276 571 2313 luctas,
585 2276 774 2314 [πέμ-677
798 2274 867 2305 Alii
893 2275 1046 2306 scribunt
1063 2275 1251 2310 Erichteus;
1274 2274 1326 2304 Fl.
1345 2273 1377 2304 S.
1400 2273 1489 2304 Mari
1507 2272 1688 2314 Erectheus.

904 2374 1044 2406 NOTAE

298 2453 359 2482 667
407 2450 622 2489 Cecropidum]
668 2449 934 2488 Atheniensium,
1031 2450 1093 2479 672
1137 2447 1310 2487 Volucrem]
1348 2447 1518 2487 Upupam,
1555 2456 1630 2488 qnae
1667 2456 1688 2478 a

233 2501 386 2533 Procnes
404 2506 439 2531 et
455 2500 668 2531 Pliilomelae.
990 2499 1118 2530 Graecis
1144 2498 1247 2538 Epops
1269 2498 1413 2535 dicitur3
1435 2505 1533 2537 quam
1550 2495 1688 2537 quidem

278 2554 342 2582 668
353 2551 462 2582 Altera
473 2549 588 2590 sylvas]
604 2549 791 2579 Philomela
803 2558 935 2588 nempe,
989 2549 1090 2579 Terei
1107 2555 1259 2587 tempore
1283 2548 1390 2588 primo
1417 2547 1449 2577 in
1476 2545 1636 2586 Daulide,
1651 2550 1690 2579 et

237 2611 312 2642 quae
329 2601 364 2631 in
381 2601 554 2630 lusciniam
569 2605 708 2637 mutata,
721 2599 820 2630 sicuti
834 2599 935 2629 Proc-
990 2599 1123 2640 quidem
1142 2599 1173 2628 in
1191 2598 1292 2628 'l'erei
1315 2597 1442 2628 tumulo
1458 2597 1564 2627 visam
1580 2596 1688 2638 scrip·

237 2661 281 2684 ne
296 2652 329 2682 in
345 2651 567 2681 hirundinem.
613 2650 697 2682 Quae
714 2650 849 2691 quidem
866 2650 937 2680 Me-
992 2650 1145 2680 titan-unt.

240 2701 466 2742 tamorphosis
490 2710 531 2730 ex
557 2699 658 2730 celeri
683 2700 814 2735 illarum
831 2698 939 2730 foemi-
1033 2701 1095 2729 677
1119 2696 1323 2736 Erechtheus]
1346 2696 1413 2729 Qui
1427 2705 1484 2727 rex
1501 2694 1566 2726 fuit
1581 2693 1687 2728 Athe-

240 2759 359 2784 narum
374 2749 469 2792 fuga,
484 2754 520 2780 et
534 2750 643 2791 luctu,
657 2758 677 2779 a
692 2749 801 2791 poetis
815 2748 918 2781 facta.
992 2748 1044 2781 nis
1079 2752 1160 2780 ante
1204 2746 1416 2780 Pandionem
1451 2745 1689 2788 posteriorem,
