<?xml version="1.0" encoding="UTF-8"?>
<!DOCTYPE html PUBLIC "-//W3C//DTD XHTML 1.0 Transitional//EN"
    "http://www.w3.org/TR/xhtml1/DTD/xhtml1-transitional.dtd">
<html xmlns="http://www.w3.org/1999/xhtml" xml:lang="en" lang="en">
 <head>
  <title>
</title>
<meta http-equiv="Content-Type" content="text/html;charset=utf-8" />
  <meta name='ocr-system' content='tesseract 3.04.00' />
  <meta name='ocr-capabilities' content='ocr_page ocr_carea ocr_par ocr_line ocrx_word'/>
</head>
<body>
  <div class='ocr_page' id='page_1' title='image "./operaomniaexedit03oviduoft_0221.png"; bbox 0 0 1831 3023; ppageno 0'>
   <div class='ocr_carea' id='block_1_1' title="bbox 520 247 1254 282">
    <p class='ocr_par' dir='ltr' id='par_1_1' title="bbox 520 247 1254 282">
     <span class='ocr_line' id='line_1_1' title="bbox 520 247 1254 282; baseline -0.005 0"><span class='ocrx_word' id='word_1_1' title='bbox 520 253 552 282; x_wconf 77' lang='lat' dir='ltr'><strong>M</strong></span> <span class='ocrx_word' id='word_1_2' title='bbox 561 247 990 281; x_wconf 73' lang='lat' dir='ltr'>ETAMORPHOSEON</span> <span class='ocrx_word' id='word_1_3' title='bbox 1024 248 1071 277; x_wconf 89' lang='lat' dir='ltr'><strong>LI</strong></span> <span class='ocrx_word' id='word_1_4' title='bbox 1080 249 1119 278; x_wconf 85' lang='grc' dir='ltr'><strong>Β.</strong></span> <span class='ocrx_word' id='word_1_5' title='bbox 1151 249 1254 278; x_wconf 90' lang='lat' dir='ltr'><strong>VIII.</strong></span> 
     </span>
    </p>
   </div>
   <div class='ocr_carea' id='block_1_2' title="bbox 1501 239 1614 281">
    <p class='ocr_par' dir='ltr' id='par_1_2' title="bbox 1501 239 1614 281">
     <span class='ocr_line' id='line_1_2' title="bbox 1501 239 1614 281; baseline 0.009 -1"><span class='ocrx_word' id='word_1_6' title='bbox 1501 240 1519 280; x_wconf 84' lang='lat'>1</span> <span class='ocrx_word' id='word_1_7' title='bbox 1529 239 1614 281; x_wconf 75' lang='lat'><strong>285</strong></span> 
     </span>
    </p>
   </div>
   <div class='ocr_carea' id='block_1_3' title="bbox 164 333 1368 599">
    <p class='ocr_par' dir='ltr' id='par_1_3' title="bbox 166 333 1214 392">
     <span class='ocr_line' id='line_1_3' title="bbox 166 333 1214 392; baseline -0.003 -7"><span class='ocrx_word' id='word_1_8' title='bbox 166 343 254 386; x_wconf 92' lang='lat' dir='ltr'><strong>Cur</strong></span> <span class='ocrx_word' id='word_1_9' title='bbox 272 359 375 388; x_wconf 90' lang='lat' dir='ltr'><strong>suus</strong></span> <span class='ocrx_word' id='word_1_10' title='bbox 394 347 490 388; x_wconf 88' lang='lat' dir='ltr'><strong>haec</strong></span> <span class='ocrx_word' id='word_1_11' title='bbox 511 345 574 385; x_wconf 92' lang='lat' dir='ltr'><strong>illi</strong></span> <span class='ocrx_word' id='word_1_12' title='bbox 591 342 805 384; x_wconf 80' lang='lat' dir='ltr'>reserabit</span> <span class='ocrx_word' id='word_1_13' title='bbox 822 342 988 384; x_wconf 84' lang='lat' dir='ltr'><strong>moenia</strong></span> <span class='ocrx_word' id='word_1_14' title='bbox 1015 333 1214 392; x_wconf 86' lang='lat' dir='ltr'><strong>Mavors,</strong></span> 
     </span>
    </p>

    <p class='ocr_par' dir='ltr' id='par_1_4' title="bbox 164 410 1368 534">
     <span class='ocr_line' id='line_1_4' title="bbox 166 410 1368 462; baseline -0.002 -10"><span class='ocrx_word' id='word_1_15' title='bbox 166 411 221 454; x_wconf 87' lang='lat' dir='ltr'><strong>Et</strong></span> <span class='ocrx_word' id='word_1_16' title='bbox 240 426 324 454; x_wconf 90' lang='lat' dir='ltr'><strong>non</strong></span> <span class='ocrx_word' id='word_1_17' title='bbox 344 418 492 454; x_wconf 88' lang='lat' dir='ltr'><strong>noster</strong></span> <span class='ocrx_word' id='word_1_18' title='bbox 509 411 662 453; x_wconf 70' lang='lat' dir='ltr'><strong>amor?</strong></span> <span class='ocrx_word' id='word_1_19' title='bbox 692 410 850 452; x_wconf 88' lang='lat' dir='ltr'><strong>melius</strong></span> <span class='ocrx_word' id='word_1_20' title='bbox 870 411 965 451; x_wconf 90' lang='lat' dir='ltr'><strong>sine</strong></span> <span class='ocrx_word' id='word_1_21' title='bbox 985 410 1123 459; x_wconf 85' lang='lat' dir='ltr'><strong>caede,</strong></span> <span class='ocrx_word' id='word_1_22' title='bbox 1144 421 1368 462; x_wconf 87' lang='lat' dir='ltr'><strong>moraque,</strong></span> 
     </span>
     <span class='ocr_line' id='line_1_5' title="bbox 164 478 1151 534; baseline 0 -16"><span class='ocrx_word' id='word_1_23' title='bbox 164 478 459 534; x_wconf 74' lang='lat' dir='ltr'><strong>impensaque</strong></span> <span class='ocrx_word' id='word_1_24' title='bbox 478 478 546 519; x_wconf 90' lang='lat' dir='ltr'><strong>sui</strong></span> <span class='ocrx_word' id='word_1_25' title='bbox 565 478 725 531; x_wconf 85' lang='lat' dir='ltr'><strong>poterit</strong></span> <span class='ocrx_word' id='word_1_26' title='bbox 743 490 948 531; x_wconf 85' lang='lat' dir='ltr'><strong>superare</strong></span> <span class='ocrx_word' id='word_1_27' title='bbox 967 478 1151 519; x_wconf 87' lang='lat' dir='ltr'><strong>cruoris.</strong></span> 
     </span>
    </p>

    <p class='ocr_par' dir='ltr' id='par_1_5' title="bbox 164 536 1310 599">
     <span class='ocr_line' id='line_1_6' title="bbox 164 536 1310 599; baseline -0.003 -10"><span class='ocrx_word' id='word_1_28' title='bbox 164 545 311 597; x_wconf 85' lang='lat' dir='ltr'><strong>Quam</strong></span> <span class='ocrx_word' id='word_1_29' title='bbox 329 551 472 588; x_wconf 87' lang='lat' dir='ltr'><strong>metuo</strong></span> <span class='ocrx_word' id='word_1_30' title='bbox 494 549 625 594; x_wconf 75' lang='lat' dir='ltr'><strong>cerie,</strong></span> <span class='ocrx_word' id='word_1_31' title='bbox 643 559 696 586; x_wconf 90' lang='lat' dir='ltr'><strong>ne</strong></span> <span class='ocrx_word' id='word_1_32' title='bbox 715 546 814 599; x_wconf 88' lang='lat' dir='ltr'><strong>quis</strong></span> <span class='ocrx_word' id='word_1_33' title='bbox 835 549 910 586; x_wconf 85' lang='lat' dir='ltr'><strong>tua</strong></span> <span class='ocrx_word' id='word_1_34' title='bbox 929 536 1132 599; x_wconf 48' lang='lat' dir='ltr'><strong>pectoraj</strong></span> <span class='ocrx_word' id='word_1_35' title='bbox 1145 545 1310 595; x_wconf 88' lang='lat' dir='ltr'><strong>Minos,</strong></span> 
     </span>
    </p>
   </div>
   <div class='ocr_carea' id='block_1_4' title="bbox 161 613 1410 667">
    <p class='ocr_par' dir='ltr' id='par_1_6' title="bbox 161 613 1410 667">
     <span class='ocr_line' id='line_1_7' title="bbox 161 613 1410 667; baseline 0 -13"><span class='ocrx_word' id='word_1_36' title='bbox 161 613 378 656; x_wconf 89' lang='lat' dir='ltr'><strong>Vulneret</strong></span> <span class='ocrx_word' id='word_1_37' title='bbox 397 613 649 667; x_wconf 84' lang='lat' dir='ltr'><strong>imprudens</strong></span> <span class='ocrx_word' id='word_1_38' title='bbox 671 614 680 654; x_wconf 90' lang='lat'>!</span> <span class='ocrx_word' id='word_1_39' title='bbox 710 614 809 667; x_wconf 90' lang='lat' dir='ltr'><strong>quis</strong></span> <span class='ocrx_word' id='word_1_40' title='bbox 829 615 945 654; x_wconf 90' lang='lat' dir='ltr'><strong>enim</strong></span> <span class='ocrx_word' id='word_1_41' title='bbox 969 620 1059 655; x_wconf 85' lang='lat' dir='ltr'><strong>tam</strong></span> <span class='ocrx_word' id='word_1_42' title='bbox 1079 615 1216 665; x_wconf 89' lang='lat' dir='ltr'><strong>dirus,</strong></span> <span class='ocrx_word' id='word_1_43' title='bbox 1236 618 1285 656; x_wconf 83' lang='lat' dir='ltr'><strong>ut</strong></span> <span class='ocrx_word' id='word_1_44' title='bbox 1304 615 1349 655; x_wconf 90' lang='lat' dir='ltr'><strong>in</strong></span> <span class='ocrx_word' id='word_1_45' title='bbox 1369 617 1410 655; x_wconf 87' lang='lat' dir='ltr'><strong>te</strong></span> 
     </span>
    </p>
   </div>
   <div class='ocr_carea' id='block_1_5' title="bbox 1554 612 1611 653">
    <p class='ocr_par' dir='ltr' id='par_1_7' title="bbox 1554 612 1611 653">
     <span class='ocr_line' id='line_1_8' title="bbox 1554 612 1611 653; baseline -0.035 0"><span class='ocrx_word' id='word_1_46' title='bbox 1554 612 1611 653; x_wconf 76' lang='lat'><strong>65</strong></span> 
     </span>
    </p>
   </div>
   <div class='ocr_carea' id='block_1_6' title="bbox 161 681 1324 870">
    <p class='ocr_par' dir='ltr' id='par_1_8' title="bbox 161 681 1324 870">
     <span class='ocr_line' id='line_1_9' title="bbox 163 681 1324 735; baseline 0.001 -13"><span class='ocrx_word' id='word_1_47' title='bbox 163 682 366 735; x_wconf 86' lang='lat' dir='ltr'><strong>Dirigere</strong></span> <span class='ocrx_word' id='word_1_48' title='bbox 385 682 606 730; x_wconf 88' lang='lat' dir='ltr'><strong>immitem,</strong></span> <span class='ocrx_word' id='word_1_49' title='bbox 628 681 714 721; x_wconf 86' lang='lat' dir='ltr'><strong>nisi</strong></span> <span class='ocrx_word' id='word_1_50' title='bbox 734 681 925 731; x_wconf 83' lang='lat' dir='ltr'><strong>nescius,</strong></span> <span class='ocrx_word' id='word_1_51' title='bbox 947 682 1104 723; x_wconf 84' lang='lat' dir='ltr'>audeat</span> <span class='ocrx_word' id='word_1_52' title='bbox 1120 683 1324 723; x_wconf 69' lang='lat' dir='ltr'><strong>hastam?</strong></span> 
     </span>
     <span class='ocr_line' id='line_1_10' title="bbox 161 748 1316 803; baseline 0.002 -14"><span class='ocrx_word' id='word_1_53' title='bbox 161 748 328 802; x_wconf 87' lang='lat' dir='ltr'><strong>Coepta</strong></span> <span class='ocrx_word' id='word_1_54' title='bbox 346 750 534 803; x_wconf 84' lang='lat' dir='ltr'><strong>placent,</strong></span> <span class='ocrx_word' id='word_1_55' title='bbox 553 753 596 789; x_wconf 86' lang='lat' dir='ltr'><strong>et</strong></span> <span class='ocrx_word' id='word_1_56' title='bbox 615 753 705 790; x_wconf 87' lang='lat' dir='ltr'><strong>stat</strong></span> <span class='ocrx_word' id='word_1_57' title='bbox 725 750 941 790; x_wconf 88' lang='lat' dir='ltr'><strong>sententia</strong></span> <span class='ocrx_word' id='word_1_58' title='bbox 959 750 1125 791; x_wconf 80' lang='lat' dir='ltr'><strong>tradere</strong></span> <span class='ocrx_word' id='word_1_59' title='bbox 1147 763 1316 791; x_wconf 89' lang='lat' dir='ltr'><strong>mecum</strong></span> 
     </span>
     <span class='ocr_line' id='line_1_11' title="bbox 161 815 1235 870; baseline 0.003 -14"><span class='ocrx_word' id='word_1_60' title='bbox 161 815 366 858; x_wconf 85' lang='lat' dir='ltr'><strong>Dotalem</strong></span> <span class='ocrx_word' id='word_1_61' title='bbox 383 818 596 870; x_wconf 82' lang='lat' dir='ltr'><strong>patriam3</strong></span> <span class='ocrx_word' id='word_1_62' title='bbox 627 816 843 869; x_wconf 88' lang='lat' dir='ltr'>finemque</span> <span class='ocrx_word' id='word_1_63' title='bbox 866 817 1082 870; x_wconf 82' lang='lat' dir='ltr'>imponere</span> <span class='ocrx_word' id='word_1_64' title='bbox 1104 818 1235 859; x_wconf 89' lang='lat' dir='ltr'><strong>bello.</strong></span> 
     </span>
    </p>
   </div>
   <div class='ocr_carea' id='block_1_7' title="bbox 161 881 732 938">
    <p class='ocr_par' dir='ltr' id='par_1_9' title="bbox 161 881 732 938">
     <span class='ocr_line' id='line_1_12' title="bbox 161 881 732 938; baseline 0 -15"><span class='ocrx_word' id='word_1_65' title='bbox 161 881 326 924; x_wconf 89' lang='lat' dir='ltr'><strong>Verum</strong></span> <span class='ocrx_word' id='word_1_66' title='bbox 348 885 460 925; x_wconf 78' lang='lat' dir='ltr'><strong>velle</strong></span> <span class='ocrx_word' id='word_1_67' title='bbox 480 898 633 938; x_wconf 90' lang='lat' dir='ltr'><strong>parum</strong></span> <span class='ocrx_word' id='word_1_68' title='bbox 653 889 732 926; x_wconf 87' lang='lat' dir='ltr'><strong>est.</strong></span> 
     </span>
    </p>
   </div>
   <div class='ocr_carea' id='block_1_8' title="bbox 159 882 1469 1006">
    <p class='ocr_par' dir='ltr' id='par_1_10' title="bbox 159 882 1469 1006">
     <span class='ocr_line' id='line_1_13' title="bbox 794 882 1362 927; baseline 0.004 -2"><span class='ocrx_word' id='word_1_69' title='bbox 794 882 951 925; x_wconf 88' lang='lat' dir='ltr'><strong>Aditus</strong></span> <span class='ocrx_word' id='word_1_70' title='bbox 972 886 1174 926; x_wconf 88' lang='lat' dir='ltr'><strong>custodia</strong></span> <span class='ocrx_word' id='word_1_71' title='bbox 1192 890 1362 927; x_wconf 82' lang='lat' dir='ltr'><strong>servat:</strong></span> 
     </span>
     <span class='ocr_line' id='line_1_14' title="bbox 159 947 1469 1006; baseline 0.003 -16"><span class='ocrx_word' id='word_1_72' title='bbox 159 947 451 1004; x_wconf 80' lang='lat' dir='ltr'><strong>Claustraque</strong></span> <span class='ocrx_word' id='word_1_73' title='bbox 474 956 694 1005; x_wconf 81' lang='lat' dir='ltr'><strong>portarum</strong></span> <span class='ocrx_word' id='word_1_74' title='bbox 717 953 884 1005; x_wconf 82' lang='lat' dir='ltr'><strong>genitor</strong></span> <span class='ocrx_word' id='word_1_75' title='bbox 908 956 1051 994; x_wconf 86' lang='lat' dir='ltr'><strong>tenet:</strong></span> <span class='ocrx_word' id='word_1_76' title='bbox 1083 953 1196 994; x_wconf 88' lang='lat' dir='ltr'><strong>hunc</strong></span> <span class='ocrx_word' id='word_1_77' title='bbox 1217 966 1300 1006; x_wconf 87' lang='lat' dir='ltr'><strong>ego</strong></span> <span class='ocrx_word' id='word_1_78' title='bbox 1325 953 1469 994; x_wconf 89' lang='lat' dir='ltr'><strong>solum</strong></span> 
     </span>
    </p>
   </div>
   <div class='ocr_carea' id='block_1_9' title="bbox 1555 954 1612 994">
    <p class='ocr_par' dir='ltr' id='par_1_11' title="bbox 1555 954 1612 994">
     <span class='ocr_line' id='line_1_15' title="bbox 1555 954 1612 994; baseline -0.018 0"><span class='ocrx_word' id='word_1_79' title='bbox 1555 954 1612 994; x_wconf 81' lang='lat'><strong>70</strong></span> 
     </span>
    </p>
   </div>
   <div class='ocr_carea' id='block_1_10' title="bbox 158 1016 1415 1208">
    <p class='ocr_par' dir='ltr' id='par_1_12' title="bbox 158 1016 1415 1208">
     <span class='ocr_line' id='line_1_16' title="bbox 161 1016 1113 1070; baseline 0.004 -13"><span class='ocrx_word' id='word_1_80' title='bbox 161 1016 320 1059; x_wconf 85' lang='lat' dir='ltr'><strong>Infelix</strong></span> <span class='ocrx_word' id='word_1_81' title='bbox 338 1020 467 1059; x_wconf 87' lang='lat' dir='ltr'><strong>timeo</strong></span> <span class='ocrx_word' id='word_1_82' title='bbox 485 1032 496 1070; x_wconf 91' lang='grc'><strong>;</strong></span> <span class='ocrx_word' id='word_1_83' title='bbox 528 1020 647 1060; x_wconf 88' lang='lat' dir='ltr'><strong>solus</strong></span> <span class='ocrx_word' id='word_1_84' title='bbox 666 1033 766 1060; x_wconf 86' lang='lat' dir='ltr'><strong>mea</strong></span> <span class='ocrx_word' id='word_1_85' title='bbox 781 1025 886 1061; x_wconf 76' lang='lat' dir='ltr'><strong>vota</strong></span> <span class='ocrx_word' id='word_1_86' title='bbox 905 1024 1113 1061; x_wconf 87' lang='lat' dir='ltr'><strong>moratur.</strong></span> 
     </span>
     <span class='ocr_line' id='line_1_17' title="bbox 158 1083 1415 1141; baseline 0.003 -16"><span class='ocrx_word' id='word_1_87' title='bbox 158 1083 220 1125; x_wconf 83' lang='lat' dir='ltr'><strong>Di</strong></span> <span class='ocrx_word' id='word_1_88' title='bbox 240 1084 441 1135; x_wconf 84' lang='lat' dir='ltr'><strong>facerent,</strong></span> <span class='ocrx_word' id='word_1_89' title='bbox 458 1086 549 1127; x_wconf 90' lang='lat' dir='ltr'><strong>sine</strong></span> <span class='ocrx_word' id='word_1_90' title='bbox 570 1091 695 1140; x_wconf 86' lang='lat' dir='ltr'><strong>patre</strong></span> <span class='ocrx_word' id='word_1_91' title='bbox 716 1086 849 1129; x_wconf 89' lang='lat' dir='ltr'><strong>forem</strong></span> <span class='ocrx_word' id='word_1_92' title='bbox 866 1087 874 1128; x_wconf 92' lang='lat'>!</span> <span class='ocrx_word' id='word_1_93' title='bbox 908 1088 992 1128; x_wconf 88' lang='lat' dir='ltr'><strong>sibi</strong></span> <span class='ocrx_word' id='word_1_94' title='bbox 1014 1089 1200 1141; x_wconf 89' lang='lat' dir='ltr'><strong>quisque</strong></span> <span class='ocrx_word' id='word_1_95' title='bbox 1220 1087 1415 1141; x_wconf 82' lang='lat' dir='ltr'><strong>profecto</strong></span> 
     </span>
     <span class='ocr_line' id='line_1_18' title="bbox 161 1151 1285 1208; baseline 0.004 -16"><span class='ocrx_word' id='word_1_96' title='bbox 161 1151 233 1193; x_wconf 87' lang='lat' dir='ltr'><strong>Fit</strong></span> <span class='ocrx_word' id='word_1_97' title='bbox 253 1151 375 1194; x_wconf 91' lang='lat' dir='ltr'><strong>Deus</strong></span> <span class='ocrx_word' id='word_1_98' title='bbox 393 1166 402 1193; x_wconf 77' lang='grc' dir='ltr'><strong>ε</strong></span> <span class='ocrx_word' id='word_1_99' title='bbox 434 1153 606 1206; x_wconf 84' lang='lat' dir='ltr'><strong>ignavis</strong></span> <span class='ocrx_word' id='word_1_100' title='bbox 626 1155 830 1207; x_wconf 84' lang='lat' dir='ltr'><strong>precibus</strong></span> <span class='ocrx_word' id='word_1_101' title='bbox 847 1154 1044 1196; x_wconf 84' lang='lat' dir='ltr'><strong>Fortuna</strong></span> <span class='ocrx_word' id='word_1_102' title='bbox 1062 1159 1285 1208; x_wconf 81' lang='lat' dir='ltr'><strong>repugnat.</strong></span> 
     </span>
    </p>
   </div>
   <div class='ocr_carea' id='block_1_11' title="bbox 153 1282 1614 1626">
    <p class='ocr_par' dir='ltr' id='par_1_13' title="bbox 153 1282 1614 1626">
     <span class='ocr_line' id='line_1_19' title="bbox 156 1282 1611 1327; baseline 0.001 -14"><span class='ocrx_word' id='word_1_103' title='bbox 156 1282 370 1323; x_wconf 75' lang='lat' dir='ltr'><strong>superabimur</strong></span> <span class='ocrx_word' id='word_1_104' title='bbox 379 1296 389 1316; x_wconf 80' lang='lat'><strong>.-</strong></span> <span class='ocrx_word' id='word_1_105' title='bbox 412 1285 465 1324; x_wconf 82' lang='lat' dir='ltr'><strong>qui</strong></span> <span class='ocrx_word' id='word_1_106' title='bbox 477 1285 558 1326; x_wconf 79' lang='lat' dir='ltr'><strong>finis</strong></span> <span class='ocrx_word' id='word_1_107' title='bbox 584 1286 612 1316; x_wconf 81' lang='lat' dir='ltr'><strong>si</strong></span> <span class='ocrx_word' id='word_1_108' title='bbox 640 1290 742 1319; x_wconf 82' lang='lat' dir='ltr'><strong>manet</strong></span> <span class='ocrx_word' id='word_1_109' title='bbox 759 1288 861 1318; x_wconf 83' lang='lat' dir='ltr'><strong>urbem</strong></span> <span class='ocrx_word' id='word_1_110' title='bbox 872 1297 884 1324; x_wconf 89' lang='lat'><em>;</em></span> <span class='ocrx_word' id='word_1_111' title='bbox 906 1287 1102 1327; x_wconf 80' lang='lat' dir='ltr'><strong>quamobrem</strong></span> <span class='ocrx_word' id='word_1_112' title='bbox 1126 1296 1200 1316; x_wconf 80' lang='grc' dir='ltr'><strong>ειιιιε</strong></span> <span class='ocrx_word' id='word_1_113' title='bbox 1214 1287 1306 1316; x_wconf 73' lang='lat' dir='ltr'><strong>Illars</strong></span> <span class='ocrx_word' id='word_1_114' title='bbox 1331 1285 1449 1324; x_wconf 84' lang='lat' dir='ltr'><strong>aperiet</strong></span> <span class='ocrx_word' id='word_1_115' title='bbox 1464 1285 1511 1315; x_wconf 82' lang='lat' dir='ltr'><strong>illi</strong></span> <span class='ocrx_word' id='word_1_116' title='bbox 1535 1284 1611 1314; x_wconf 79' lang='lat' dir='ltr'><strong>istos</strong></span> 
     </span>
     <span class='ocr_line' id='line_1_20' title="bbox 156 1327 1612 1369; baseline 0.001 -14"><span class='ocrx_word' id='word_1_117' title='bbox 156 1335 270 1366; x_wconf 79' lang='lat' dir='ltr'><strong>muros,</strong></span> <span class='ocrx_word' id='word_1_118' title='bbox 283 1329 314 1357; x_wconf 83' lang='lat' dir='ltr'><strong>et</strong></span> <span class='ocrx_word' id='word_1_119' title='bbox 329 1337 387 1357; x_wconf 88' lang='lat' dir='ltr'><strong>non</strong></span> <span class='ocrx_word' id='word_1_120' title='bbox 402 1331 505 1358; x_wconf 80' lang='lat' dir='ltr'><strong>noster</strong></span> <span class='ocrx_word' id='word_1_121' title='bbox 519 1328 630 1360; x_wconf 78' lang='lat' dir='ltr'><strong>amor?</strong></span> <span class='ocrx_word' id='word_1_122' title='bbox 674 1330 792 1361; x_wconf 65' lang='lat' dir='ltr'><strong>illelius</strong></span> <span class='ocrx_word' id='word_1_123' title='bbox 817 1330 933 1369; x_wconf 78' lang='lat' dir='ltr'><strong>poterit</strong></span> <span class='ocrx_word' id='word_1_124' title='bbox 950 1329 1070 1359; x_wconf 76' lang='lat' dir='ltr'><strong>vincere</strong></span> <span class='ocrx_word' id='word_1_125' title='bbox 1084 1328 1151 1358; x_wconf 78' lang='lat' dir='ltr'><strong>sine</strong></span> <span class='ocrx_word' id='word_1_126' title='bbox 1165 1331 1282 1366; x_wconf 80' lang='lat' dir='ltr'><strong>strage,</strong></span> <span class='ocrx_word' id='word_1_127' title='bbox 1306 1331 1335 1357; x_wconf 86' lang='lat' dir='ltr'><strong>et</strong></span> <span class='ocrx_word' id='word_1_128' title='bbox 1350 1327 1556 1365; x_wconf 80' lang='lat' dir='ltr'><strong>cunctatione,</strong></span> <span class='ocrx_word' id='word_1_129' title='bbox 1581 1329 1612 1356; x_wconf 83' lang='lat' dir='ltr'><strong>et</strong></span> 
     </span>
     <span class='ocr_line' id='line_1_21' title="bbox 156 1368 1610 1410; baseline 0.001 -13"><span class='ocrx_word' id='word_1_130' title='bbox 156 1368 316 1407; x_wconf 73' lang='lat' dir='ltr'><strong>dispendio</strong></span> <span class='ocrx_word' id='word_1_131' title='bbox 330 1370 379 1399; x_wconf 80' lang='lat' dir='ltr'><strong>sui</strong></span> <span class='ocrx_word' id='word_1_132' title='bbox 392 1370 565 1409; x_wconf 73' lang='lat' dir='ltr'><strong>sanguinis.</strong></span> <span class='ocrx_word' id='word_1_133' title='bbox 614 1370 715 1405; x_wconf 80' lang='lat' dir='ltr'><strong>Quam</strong></span> <span class='ocrx_word' id='word_1_134' title='bbox 730 1374 822 1402; x_wconf 82' lang='lat' dir='ltr'><strong>timeo</strong></span> <span class='ocrx_word' id='word_1_135' title='bbox 837 1375 931 1408; x_wconf 82' lang='lat' dir='ltr'><strong>certe,</strong></span> <span class='ocrx_word' id='word_1_136' title='bbox 952 1379 990 1400; x_wconf 86' lang='lat' dir='ltr'><strong>ne</strong></span> <span class='ocrx_word' id='word_1_137' title='bbox 1004 1370 1117 1410; x_wconf 79' lang='lat' dir='ltr'><strong>aliquis</strong></span> <span class='ocrx_word' id='word_1_138' title='bbox 1139 1370 1322 1400; x_wconf 78' lang='lat' dir='ltr'><strong>temerarius</strong></span> <span class='ocrx_word' id='word_1_139' title='bbox 1336 1370 1428 1400; x_wconf 60' lang='lat' dir='ltr'><strong>&amp;edat</strong></span> <span class='ocrx_word' id='word_1_140' title='bbox 1444 1372 1531 1399; x_wconf 76' lang='lat' dir='ltr'><strong>tuum</strong></span> <span class='ocrx_word' id='word_1_141' title='bbox 1546 1378 1610 1407; x_wconf 86' lang='lat' dir='ltr'><strong>cor,</strong></span> 
     </span>
     <span class='ocr_line' id='line_1_22' title="bbox 156 1410 1613 1453; baseline 0.001 -13"><span class='ocrx_word' id='word_1_142' title='bbox 156 1410 265 1440; x_wconf 74' lang='lat' dir='ltr'><strong>Minos</strong></span> <span class='ocrx_word' id='word_1_143' title='bbox 274 1411 290 1441; x_wconf 93' lang='lat'><em>!</em></span> <span class='ocrx_word' id='word_1_144' title='bbox 311 1412 380 1451; x_wconf 76' lang='lat' dir='ltr'><strong>quis</strong></span> <span class='ocrx_word' id='word_1_145' title='bbox 393 1413 474 1442; x_wconf 85' lang='lat' dir='ltr'><strong>enim</strong></span> <span class='ocrx_word' id='word_1_146' title='bbox 485 1416 549 1443; x_wconf 84' lang='lat' dir='ltr'><strong>tam</strong></span> <span class='ocrx_word' id='word_1_147' title='bbox 562 1413 705 1453; x_wconf 81' lang='lat' dir='ltr'><strong>crudelis,</strong></span> <span class='ocrx_word' id='word_1_148' title='bbox 718 1417 765 1451; x_wconf 84' lang='lat' dir='ltr'><strong>ut,</strong></span> <span class='ocrx_word' id='word_1_149' title='bbox 779 1413 841 1444; x_wconf 83' lang='lat' dir='ltr'><strong>nisi</strong></span> <span class='ocrx_word' id='word_1_150' title='bbox 856 1413 999 1452; x_wconf 63' lang='lat' dir='ltr'><strong>ignarum,</strong></span> <span class='ocrx_word' id='word_1_151' title='bbox 1014 1422 1075 1443; x_wconf 85' lang='lat' dir='ltr'><strong>non</strong></span> <span class='ocrx_word' id='word_1_152' title='bbox 1086 1416 1230 1443; x_wconf 84' lang='lat' dir='ltr'><strong>vereatur</strong></span> <span class='ocrx_word' id='word_1_153' title='bbox 1240 1412 1399 1443; x_wconf 77' lang='lat' dir='ltr'><strong>intendere</strong></span> <span class='ocrx_word' id='word_1_154' title='bbox 1414 1411 1447 1441; x_wconf 83' lang='lat' dir='ltr'><strong>in</strong></span> <span class='ocrx_word' id='word_1_155' title='bbox 1457 1415 1487 1442; x_wconf 88' lang='lat' dir='ltr'><strong>te</strong></span> <span class='ocrx_word' id='word_1_156' title='bbox 1499 1420 1613 1442; x_wconf 81' lang='lat' dir='ltr'><strong>saevum</strong></span> 
     </span>
     <span class='ocr_line' id='line_1_23' title="bbox 154 1451 1612 1495; baseline 0.001 -12"><span class='ocrx_word' id='word_1_157' title='bbox 154 1451 268 1484; x_wconf 69' lang='lat' dir='ltr'><strong>hastae</strong></span> <span class='ocrx_word' id='word_1_158' title='bbox 279 1451 295 1484; x_wconf 70' lang='lat'><strong>‚⁷</strong></span> <span class='ocrx_word' id='word_1_159' title='bbox 318 1454 502 1485; x_wconf 75' lang='lat' dir='ltr'><strong>Institueum</strong></span> <span class='ocrx_word' id='word_1_160' title='bbox 515 1455 592 1485; x_wconf 84' lang='lat' dir='ltr'><strong>mihi</strong></span> <span class='ocrx_word' id='word_1_161' title='bbox 603 1456 764 1495; x_wconf 79' lang='lat' dir='ltr'><strong>probatur,</strong></span> <span class='ocrx_word' id='word_1_162' title='bbox 775 1459 805 1486; x_wconf 82' lang='lat' dir='ltr'><strong>et</strong></span> <span class='ocrx_word' id='word_1_163' title='bbox 816 1455 938 1487; x_wconf 74' lang='lat' dir='ltr'><strong>decrevi</strong></span> <span class='ocrx_word' id='word_1_164' title='bbox 950 1454 1064 1495; x_wconf 84' lang='lat' dir='ltr'><strong>offerre</strong></span> <span class='ocrx_word' id='word_1_165' title='bbox 1076 1464 1189 1486; x_wconf 87' lang='lat' dir='ltr'><strong>mecum</strong></span> <span class='ocrx_word' id='word_1_166' title='bbox 1199 1455 1336 1495; x_wconf 78' lang='lat' dir='ltr'><strong>patriam</strong></span> <span class='ocrx_word' id='word_1_167' title='bbox 1345 1455 1477 1485; x_wconf 85' lang='lat' dir='ltr'><strong>dotalem</strong></span> <span class='ocrx_word' id='word_1_168' title='bbox 1487 1464 1498 1490; x_wconf 90' lang='lat'><strong>‚·</strong></span> <span class='ocrx_word' id='word_1_169' title='bbox 1520 1457 1612 1494; x_wconf 84' lang='lat' dir='ltr'><strong>atque</strong></span> 
     </span>
     <span class='ocr_line' id='line_1_24' title="bbox 154 1496 1614 1537; baseline 0.002 -13"><span class='ocrx_word' id='word_1_170' title='bbox 154 1496 277 1526; x_wconf 81' lang='lat' dir='ltr'><strong>modum</strong></span> <span class='ocrx_word' id='word_1_171' title='bbox 288 1499 425 1528; x_wconf 76' lang='lat' dir='ltr'><strong>statuere</strong></span> <span class='ocrx_word' id='word_1_172' title='bbox 437 1497 522 1528; x_wconf 81' lang='lat' dir='ltr'><strong>bello.</strong></span> <span class='ocrx_word' id='word_1_173' title='bbox 544 1498 589 1529; x_wconf 65' lang='lat' dir='ltr'><strong>,it</strong></span> <span class='ocrx_word' id='word_1_174' title='bbox 597 1498 662 1529; x_wconf 82' lang='lat' dir='ltr'><strong>lere</strong></span> <span class='ocrx_word' id='word_1_175' title='bbox 673 1502 719 1529; x_wconf 78' lang='lat' dir='ltr'><strong>est</strong></span> <span class='ocrx_word' id='word_1_176' title='bbox 730 1508 845 1530; x_wconf 79' lang='lat' dir='ltr'><strong>vovere.</strong></span> <span class='ocrx_word' id='word_1_177' title='bbox 869 1498 1027 1529; x_wconf 80' lang='lat' dir='ltr'><strong>Proesidia</strong></span> <span class='ocrx_word' id='word_1_178' title='bbox 1038 1498 1214 1529; x_wconf 81' lang='lat' dir='ltr'><strong>custodiunt</strong></span> <span class='ocrx_word' id='word_1_179' title='bbox 1224 1498 1398 1536; x_wconf 82' lang='lat' dir='ltr'><strong>ingressus.-</strong></span> <span class='ocrx_word' id='word_1_180' title='bbox 1420 1500 1449 1528; x_wconf 83' lang='lat' dir='ltr'><strong>et</strong></span> <span class='ocrx_word' id='word_1_181' title='bbox 1458 1500 1550 1537; x_wconf 82' lang='lat' dir='ltr'><strong>pater</strong></span> <span class='ocrx_word' id='word_1_182' title='bbox 1560 1497 1614 1527; x_wconf 80' lang='lat' dir='ltr'><strong>ha-</strong></span> 
     </span>
     <span class='ocr_line' id='line_1_25' title="bbox 155 1536 1612 1579; baseline 0.001 -11"><span class='ocrx_word' id='word_1_183' title='bbox 155 1536 408 1579; x_wconf 81' lang='lat' dir='ltr'><strong>betfirmamenta</strong></span> <span class='ocrx_word' id='word_1_184' title='bbox 420 1541 589 1571; x_wconf 74' lang='lat' dir='ltr'><strong>valvarum.</strong></span> <span class='ocrx_word' id='word_1_185' title='bbox 615 1541 737 1572; x_wconf 82' lang='lat' dir='ltr'><strong>Misera</strong></span> <span class='ocrx_word' id='word_1_186' title='bbox 748 1542 828 1573; x_wconf 79' lang='lat' dir='ltr'><strong>hunc</strong></span> <span class='ocrx_word' id='word_1_187' title='bbox 836 1551 928 1572; x_wconf 88' lang='lat' dir='ltr'><strong>unum</strong></span> <span class='ocrx_word' id='word_1_188' title='bbox 939 1539 1124 1579; x_wconf 75' lang='lat' dir='ltr'><strong>reformido:</strong></span> <span class='ocrx_word' id='word_1_189' title='bbox 1139 1540 1194 1571; x_wconf 88' lang='lat' dir='ltr'><strong>ille</strong></span> <span class='ocrx_word' id='word_1_190' title='bbox 1207 1550 1284 1571; x_wconf 73' lang='lat' dir='ltr'><strong>unus</strong></span> <span class='ocrx_word' id='word_1_191' title='bbox 1291 1541 1392 1571; x_wconf 80' lang='lat' dir='ltr'><strong>obstat</strong></span> <span class='ocrx_word' id='word_1_192' title='bbox 1403 1540 1488 1570; x_wconf 91' lang='lat' dir='ltr'><strong>meis</strong></span> <span class='ocrx_word' id='word_1_193' title='bbox 1495 1539 1612 1570; x_wconf 83' lang='lat' dir='ltr'><strong>deside-</strong></span> 
     </span>
     <span class='ocr_line' id='line_1_26' title="bbox 153 1579 1612 1626; baseline 0 -14"><span class='ocrx_word' id='word_1_194' title='bbox 153 1579 221 1612; x_wconf 93' lang='grc' dir='ltr'><strong>πίε.</strong></span> <span class='ocrx_word' id='word_1_195' title='bbox 249 1581 376 1613; x_wconf 82' lang='lat' dir='ltr'><strong>Utinam</strong></span> <span class='ocrx_word' id='word_1_196' title='bbox 388 1583 455 1614; x_wconf 76' lang='lat' dir='ltr'><strong>sine</strong></span> <span class='ocrx_word' id='word_1_197' title='bbox 462 1587 592 1624; x_wconf 81' lang='lat' dir='ltr'><strong>parente</strong></span> <span class='ocrx_word' id='word_1_198' title='bbox 600 1583 716 1616; x_wconf 78' lang='lat' dir='ltr'><strong>essem!</strong></span> <span class='ocrx_word' id='word_1_199' title='bbox 730 1584 859 1625; x_wconf 81' lang='lat' dir='ltr'><strong>quilibet</strong></span> <span class='ocrx_word' id='word_1_200' title='bbox 869 1593 942 1615; x_wconf 77' lang='lat' dir='ltr'><strong>sane</strong></span> <span class='ocrx_word' id='word_1_201' title='bbox 952 1583 1012 1614; x_wconf 80' lang='lat' dir='ltr'><strong>sibi</strong></span> <span class='ocrx_word' id='word_1_202' title='bbox 1015 1583 1061 1626; x_wconf 85' lang='lat' dir='ltr'><strong>fit</strong></span> <span class='ocrx_word' id='word_1_203' title='bbox 1073 1584 1178 1615; x_wconf 77' lang='lat' dir='ltr'><strong>Deus:</strong></span> <span class='ocrx_word' id='word_1_204' title='bbox 1193 1583 1332 1615; x_wconf 82' lang='lat' dir='ltr'><strong>Fortuna</strong></span> <span class='ocrx_word' id='word_1_205' title='bbox 1343 1583 1461 1614; x_wconf 74' lang='lat' dir='ltr'><strong>resistit</strong></span> <span class='ocrx_word' id='word_1_206' title='bbox 1475 1582 1554 1613; x_wconf 73' lang='lat' dir='ltr'><strong>rotis</strong></span> <span class='ocrx_word' id='word_1_207' title='bbox 1567 1582 1612 1612; x_wconf 85' lang='lat' dir='ltr'><strong>in-</strong></span> 
     </span>
    </p>
   </div>
   <div class='ocr_carea' id='block_1_12' title="bbox 764 1666 997 1679">
    <p class='ocr_par' dir='ltr' id='par_1_14' title="bbox 764 1666 997 1679">
     <span class='ocr_line' id='line_1_27' title="bbox 764 1666 997 1679; baseline 0.004 -1"><span class='ocrx_word' id='word_1_208' title='bbox 764 1666 997 1679; x_wconf 58' lang='lat' dir='ltr'><strong>eeeeeeeeeee</strong></span> 
     </span>
    </p>
   </div>
   <div class='ocr_carea' id='block_1_13' title="bbox 155 1720 1613 2008">
    <p class='ocr_par' dir='ltr' id='par_1_15' title="bbox 155 1720 1613 2008">
     <span class='ocr_line' id='line_1_28' title="bbox 155 1720 1613 1762; baseline -0.001 -10"><span class='ocrx_word' id='word_1_209' title='bbox 155 1724 258 1752; x_wconf 76' lang='lat' dir='ltr'><strong>manee</strong></span> <span class='ocrx_word' id='word_1_210' title='bbox 273 1721 377 1752; x_wconf 69' lang='lat' dir='ltr'><strong>exitus</strong></span> <span class='ocrx_word' id='word_1_211' title='bbox 391 1721 494 1752; x_wconf 83' lang='lat' dir='ltr'><strong>urbem</strong></span> <span class='ocrx_word' id='word_1_212' title='bbox 504 1720 602 1753; x_wconf 80' lang='lat'>·.⁷—61</span> <span class='ocrx_word' id='word_1_213' title='bbox 632 1721 793 1752; x_wconf 80' lang='lat' dir='ltr'><strong>Reserabit</strong></span> <span class='ocrx_word' id='word_1_214' title='bbox 810 1722 930 1753; x_wconf 86' lang='lat' dir='ltr'><strong>Heius.</strong></span> <span class='ocrx_word' id='word_1_215' title='bbox 947 1721 1084 1762; x_wconf 77' lang='lat' dir='ltr'><strong>profert</strong></span> <span class='ocrx_word' id='word_1_216' title='bbox 1099 1731 1141 1753; x_wconf 86' lang='lat' dir='ltr'><strong>ex</strong></span> <span class='ocrx_word' id='word_1_217' title='bbox 1165 1731 1215 1762; x_wconf 91' lang='lat' dir='ltr'><strong>pr.</strong></span> <span class='ocrx_word' id='word_1_218' title='bbox 1240 1721 1348 1752; x_wconf 87' lang='lat' dir='ltr'><strong>Gron.</strong></span> <span class='ocrx_word' id='word_1_219' title='bbox 1363 1731 1424 1761; x_wconf 91' lang='lat' dir='ltr'><strong>pro</strong></span> <span class='ocrx_word' id='word_1_220' title='bbox 1453 1720 1540 1760; x_wconf 84' lang='lat' dir='ltr'><strong>vulg.</strong></span> <span class='ocrx_word' id='word_1_221' title='bbox 1567 1729 1613 1750; x_wconf 85' lang='lat' dir='ltr'><strong>re-</strong></span> 
     </span>
     <span class='ocr_line' id='line_1_29' title="bbox 155 1763 1608 1802; baseline 0.001 -9"><span class='ocrx_word' id='word_1_222' title='bbox 155 1767 236 1794; x_wconf 72' lang='lat' dir='ltr'><strong>neret</strong></span> <span class='ocrx_word' id='word_1_223' title='bbox 261 1773 347 1794; x_wconf 74' lang='lat' dir='ltr'><strong>ntea.-</strong></span> <span class='ocrx_word' id='word_1_224' title='bbox 371 1764 487 1795; x_wconf 84' lang='lat' dir='ltr'><strong>mallet</strong></span> <span class='ocrx_word' id='word_1_225' title='bbox 513 1770 625 1795; x_wconf 83' lang='lat' dir='ltr'><strong>tamen</strong></span> <span class='ocrx_word' id='word_1_226' title='bbox 648 1766 892 1796; x_wconf 54' lang='lat' dir='ltr'><strong>reserante—64</strong></span> <span class='ocrx_word' id='word_1_227' title='bbox 927 1765 1030 1800; x_wconf 86' lang='lat' dir='ltr'><strong>Quam</strong></span> <span class='ocrx_word' id='word_1_228' title='bbox 1055 1769 1107 1795; x_wconf 80' lang='lat' dir='ltr'><strong>est</strong></span> <span class='ocrx_word' id='word_1_229' title='bbox 1133 1774 1174 1795; x_wconf 93' lang='lat' dir='ltr'><strong>ex</strong></span> <span class='ocrx_word' id='word_1_230' title='bbox 1201 1764 1318 1794; x_wconf 82' lang='lat' dir='ltr'><strong>Heius.</strong></span> <span class='ocrx_word' id='word_1_231' title='bbox 1348 1763 1482 1794; x_wconf 88' lang='lat' dir='ltr'><strong>emend.</strong></span> <span class='ocrx_word' id='word_1_232' title='bbox 1508 1763 1608 1802; x_wconf 75' lang='lat' dir='ltr'><strong>Vulg.</strong></span> 
     </span>
     <span class='ocr_line' id='line_1_30' title="bbox 158 1805 1608 1847; baseline -0.001 -11"><span class='ocrx_word' id='word_1_233' title='bbox 158 1806 265 1841; x_wconf 71' lang='lat' dir='ltr'><strong>Nam:</strong></span> <span class='ocrx_word' id='word_1_234' title='bbox 288 1806 384 1836; x_wconf 85' lang='lat' dir='ltr'><strong>multi</strong></span> <span class='ocrx_word' id='word_1_235' title='bbox 410 1805 510 1836; x_wconf 87' lang='lat' dir='ltr'>codd.</span> <span class='ocrx_word' id='word_1_236' title='bbox 545 1807 621 1836; x_wconf 85' lang='lat' dir='ltr'><strong>Jam</strong></span> <span class='ocrx_word' id='word_1_237' title='bbox 648 1807 701 1836; x_wconf 79' lang='lat' dir='ltr'><strong>vel</strong></span> <span class='ocrx_word' id='word_1_238' title='bbox 724 1807 815 1837; x_wconf 80' lang='lat' dir='ltr'><strong>Nan:</strong></span> <span class='ocrx_word' id='word_1_239' title='bbox 840 1808 871 1836; x_wconf 92' lang='lat' dir='ltr'><strong>in</strong></span> <span class='ocrx_word' id='word_1_240' title='bbox 900 1807 941 1836; x_wconf 88' lang='lat' dir='ltr'><strong>V.</strong></span> <span class='ocrx_word' id='word_1_241' title='bbox 970 1811 1023 1838; x_wconf 88' lang='lat' dir='ltr'><strong>est</strong></span> <span class='ocrx_word' id='word_1_242' title='bbox 1052 1806 1116 1844; x_wconf 76' lang='lat' dir='ltr'><strong>Ah,</strong></span> <span class='ocrx_word' id='word_1_243' title='bbox 1143 1806 1232 1847; x_wconf 89' lang='lat' dir='ltr'><strong>quod</strong></span> <span class='ocrx_word' id='word_1_244' title='bbox 1260 1806 1373 1836; x_wconf 86' lang='lat' dir='ltr'><strong>multis</strong></span> <span class='ocrx_word' id='word_1_245' title='bbox 1399 1806 1608 1846; x_wconf 81' lang='lat' dir='ltr'><strong>placet.—65</strong></span> 
     </span>
     <span class='ocr_line' id='line_1_31' title="bbox 157 1847 1610 1888; baseline 0 -10"><span class='ocrx_word' id='word_1_246' title='bbox 157 1848 257 1879; x_wconf 73' lang='lat' dir='ltr'><strong>Dii-us</strong></span> <span class='ocrx_word' id='word_1_247' title='bbox 298 1848 416 1879; x_wconf 82' lang='lat' dir='ltr'><strong>Heius.</strong></span> <span class='ocrx_word' id='word_1_248' title='bbox 464 1847 595 1888; x_wconf 81' lang='lat' dir='ltr'><strong>profert</strong></span> <span class='ocrx_word' id='word_1_249' title='bbox 634 1858 675 1878; x_wconf 82' lang='lat' dir='ltr'><strong>ex</strong></span> <span class='ocrx_word' id='word_1_250' title='bbox 730 1848 942 1887; x_wconf 73' lang='lat' dir='ltr'><strong>melioribus5</strong></span> <span class='ocrx_word' id='word_1_251' title='bbox 980 1849 1036 1879; x_wconf 81' lang='lat' dir='ltr'><strong>alii</strong></span> <span class='ocrx_word' id='word_1_252' title='bbox 1074 1850 1267 1879; x_wconf 50' lang='lat' dir='ltr'><strong>durum—66</strong></span> <span class='ocrx_word' id='word_1_253' title='bbox 1304 1848 1376 1878; x_wconf 86' lang='lat' dir='ltr'><strong>Pro</strong></span> <span class='ocrx_word' id='word_1_254' title='bbox 1418 1849 1507 1887; x_wconf 80' lang='lat' dir='ltr'><strong>vulg.</strong></span> <span class='ocrx_word' id='word_1_255' title='bbox 1551 1857 1610 1878; x_wconf 86' lang='lat' dir='ltr'><strong>non</strong></span> 
     </span>
     <span class='ocr_line' id='line_1_32' title="bbox 156 1890 1608 1930; baseline -0.001 -10"><span class='ocrx_word' id='word_1_256' title='bbox 156 1891 271 1921; x_wconf 72' lang='lat' dir='ltr'><strong>inscius</strong></span> <span class='ocrx_word' id='word_1_257' title='bbox 307 1891 373 1921; x_wconf 91' lang='lat' dir='ltr'><strong>duo</strong></span> <span class='ocrx_word' id='word_1_258' title='bbox 408 1891 564 1922; x_wconf 87' lang='lat' dir='ltr'><strong>meliores</strong></span> <span class='ocrx_word' id='word_1_259' title='bbox 596 1891 683 1921; x_wconf 84' lang='lat' dir='ltr'><strong>Mor.</strong></span> <span class='ocrx_word' id='word_1_260' title='bbox 713 1896 748 1922; x_wconf 89' lang='lat' dir='ltr'><strong>et</strong></span> <span class='ocrx_word' id='word_1_261' title='bbox 777 1901 836 1922; x_wconf 84' lang='lat' dir='ltr'><strong>sex</strong></span> <span class='ocrx_word' id='word_1_262' title='bbox 865 1892 921 1921; x_wconf 89' lang='lat' dir='ltr'><strong>alii</strong></span> <span class='ocrx_word' id='word_1_263' title='bbox 950 1901 1026 1922; x_wconf 92' lang='lat' dir='ltr'><strong>cum</strong></span> <span class='ocrx_word' id='word_1_264' title='bbox 1054 1891 1253 1930; x_wconf 79' lang='lat' dir='ltr'><strong>Graeviano,</strong></span> <span class='ocrx_word' id='word_1_265' title='bbox 1286 1891 1346 1921; x_wconf 74' lang='lat' dir='ltr'><strong>nisi</strong></span> <span class='ocrx_word' id='word_1_266' title='bbox 1376 1890 1512 1920; x_wconf 84' lang='lat' dir='ltr'><strong>nescius.-</strong></span> <span class='ocrx_word' id='word_1_267' title='bbox 1549 1899 1608 1920; x_wconf 80' lang='lat' dir='ltr'><strong>sex</strong></span> 
     </span>
     <span class='ocr_line' id='line_1_33' title="bbox 156 1933 1610 1972; baseline -0.001 -9"><span class='ocrx_word' id='word_1_268' title='bbox 156 1933 214 1964; x_wconf 83' lang='lat' dir='ltr'><strong>alii</strong></span> <span class='ocrx_word' id='word_1_269' title='bbox 249 1933 310 1964; x_wconf 73' lang='grc' dir='ltr'><strong>πίει·</strong></span> <span class='ocrx_word' id='word_1_270' title='bbox 347 1933 558 1964; x_wconf 60' lang='lat' dir='ltr'><strong>inscium—67</strong></span> <span class='ocrx_word' id='word_1_271' title='bbox 598 1933 728 1964; x_wconf 82' lang='lat' dir='ltr'><strong>Genev.</strong></span> <span class='ocrx_word' id='word_1_272' title='bbox 771 1936 859 1964; x_wconf 70' lang='lat' dir='ltr'><strong>exeat</strong></span> <span class='ocrx_word' id='word_1_273' title='bbox 898 1938 976 1965; x_wconf 79' lang='lat' dir='ltr'><strong>sene.</strong></span> <span class='ocrx_word' id='word_1_274' title='bbox 1012 1933 1102 1965; x_wconf 91' lang='lat' dir='ltr'><strong>unde</strong></span> <span class='ocrx_word' id='word_1_275' title='bbox 1148 1933 1269 1964; x_wconf 86' lang='lat' dir='ltr'><strong>Heins.</strong></span> <span class='ocrx_word' id='word_1_276' title='bbox 1311 1933 1400 1972; x_wconf 85' lang='lat' dir='ltr'><strong>conj.</strong></span> <span class='ocrx_word' id='word_1_277' title='bbox 1444 1942 1480 1963; x_wconf 86' lang='lat' dir='ltr'><strong>en</strong></span> <span class='ocrx_word' id='word_1_278' title='bbox 1519 1936 1610 1968; x_wconf 77' lang='lat' dir='ltr'><strong>stae,-</strong></span> 
     </span>
     <span class='ocr_line' id='line_1_34' title="bbox 155 1975 1609 2008; baseline -0.001 -2"><span class='ocrx_word' id='word_1_279' title='bbox 155 1975 219 2007; x_wconf 85' lang='lat' dir='ltr'><strong>nisi</strong></span> <span class='ocrx_word' id='word_1_280' title='bbox 248 1976 344 2006; x_wconf 85' lang='lat' dir='ltr'><strong>malis</strong></span> <span class='ocrx_word' id='word_1_281' title='bbox 383 1979 411 2006; x_wconf 76' lang='lat' dir='ltr'><strong>et</strong></span> <span class='ocrx_word' id='word_1_282' title='bbox 451 1979 615 2006; x_wconf 67' lang='lat' dir='ltr'><strong>senescat.</strong></span> <span class='ocrx_word' id='word_1_283' title='bbox 645 1979 845 2007; x_wconf 65' lang='lat' dir='ltr'><strong>aecum—69</strong></span> <span class='ocrx_word' id='word_1_284' title='bbox 869 1977 971 2006; x_wconf 75' lang='lat' dir='ltr'><strong>Mulli</strong></span> <span class='ocrx_word' id='word_1_285' title='bbox 1012 1975 1121 2008; x_wconf 80' lang='lat' dir='ltr'><strong>Coild.</strong></span> <span class='ocrx_word' id='word_1_286' title='bbox 1151 1977 1268 2007; x_wconf 78' lang='lat' dir='ltr'><strong>custod.</strong></span> <span class='ocrx_word' id='word_1_287' title='bbox 1298 1976 1513 2006; x_wconf 81' lang='lat' dir='ltr'><strong>claudit.-72</strong></span> <span class='ocrx_word' id='word_1_288' title='bbox 1552 1975 1609 2006; x_wconf 74' lang='lat' dir='ltr'><strong>fu</strong></span> 
     </span>
    </p>
   </div>
   <div class='ocr_carea' id='block_1_14' title="bbox 813 2072 951 2104">
    <p class='ocr_par' dir='ltr' id='par_1_16' title="bbox 813 2072 951 2104">
     <span class='ocr_line' id='line_1_35' title="bbox 813 2072 951 2104; baseline 0 0"><span class='ocrx_word' id='word_1_289' title='bbox 813 2073 843 2104; x_wconf 79' lang='lat' dir='ltr'>N</span> <span class='ocrx_word' id='word_1_290' title='bbox 850 2072 951 2104; x_wconf 81' lang='lat' dir='ltr'><strong>OTAE</strong></span> 
     </span>
    </p>
   </div>
   <div class='ocr_carea' id='block_1_15' title="bbox 151 2147 855 2837">
    <p class='ocr_par' dir='ltr' id='par_1_17' title="bbox 151 2147 855 2837">
     <span class='ocr_line' id='line_1_36' title="bbox 195 2147 853 2189; baseline 0 -10"><span class='ocrx_word' id='word_1_291' title='bbox 195 2149 238 2179; x_wconf 74' lang='lat'><strong>72</strong></span> <span class='ocrx_word' id='word_1_292' title='bbox 261 2147 331 2179; x_wconf 82' lang='lat' dir='ltr'><strong>Sibi</strong></span> <span class='ocrx_word' id='word_1_293' title='bbox 359 2148 498 2189; x_wconf 71' lang='lat' dir='ltr'><strong>quisque]</strong></span> <span class='ocrx_word' id='word_1_294' title='bbox 533 2148 733 2189; x_wconf 84' lang='lat' dir='ltr'><strong>Quanquam</strong></span> <span class='ocrx_word' id='word_1_295' title='bbox 757 2157 853 2188; x_wconf 85' lang='lat' dir='ltr'><strong>aper-</strong></span> 
     </span>
     <span class='ocr_line' id='line_1_37' title="bbox 153 2198 852 2239; baseline -0.003 -9"><span class='ocrx_word' id='word_1_296' title='bbox 153 2198 284 2230; x_wconf 82' lang='lat' dir='ltr'><strong>tissima</strong></span> <span class='ocrx_word' id='word_1_297' title='bbox 300 2204 354 2230; x_wconf 88' lang='lat' dir='ltr'><strong>est</strong></span> <span class='ocrx_word' id='word_1_298' title='bbox 372 2199 556 2237; x_wconf 82' lang='lat' dir='ltr'><strong>sententia,</strong></span> <span class='ocrx_word' id='word_1_299' title='bbox 583 2199 718 2239; x_wconf 84' lang='lat' dir='ltr'><strong>prolixa</strong></span> <span class='ocrx_word' id='word_1_300' title='bbox 739 2203 852 2229; x_wconf 84' lang='lat' dir='ltr'><strong>tamen</strong></span> 
     </span>
     <span class='ocr_line' id='line_1_38' title="bbox 153 2249 854 2290; baseline 0 -10"><span class='ocrx_word' id='word_1_301' title='bbox 153 2254 231 2290; x_wconf 81' lang='lat' dir='ltr'><strong>eget</strong></span> <span class='ocrx_word' id='word_1_302' title='bbox 256 2250 470 2282; x_wconf 80' lang='lat' dir='ltr'><strong>enarratione</strong></span> <span class='ocrx_word' id='word_1_303' title='bbox 494 2249 548 2280; x_wconf 87' lang='lat' dir='ltr'><strong>hic</strong></span> <span class='ocrx_word' id='word_1_304' title='bbox 576 2249 684 2288; x_wconf 87' lang='lat' dir='ltr'><strong>locus,</strong></span> <span class='ocrx_word' id='word_1_305' title='bbox 711 2254 854 2290; x_wconf 83' lang='lat' dir='ltr'><strong>propter</strong></span> 
     </span>
     <span class='ocr_line' id='line_1_39' title="bbox 152 2298 853 2341; baseline -0.003 -10"><span class='ocrx_word' id='word_1_306' title='bbox 152 2299 394 2341; x_wconf 67' lang='lat' dir='ltr'><strong>iniquissimam</strong></span> <span class='ocrx_word' id='word_1_307' title='bbox 411 2308 510 2340; x_wconf 85' lang='lat' dir='ltr'><strong>quam</strong></span> <span class='ocrx_word' id='word_1_308' title='bbox 526 2304 703 2330; x_wconf 85' lang='lat' dir='ltr'><strong>arcessunt</strong></span> <span class='ocrx_word' id='word_1_309' title='bbox 715 2298 853 2339; x_wconf 81' lang='lat' dir='ltr'><strong>superbi</strong></span> 
     </span>
     <span class='ocr_line' id='line_1_40' title="bbox 152 2350 855 2382; baseline -0.001 0"><span class='ocrx_word' id='word_1_310' title='bbox 152 2355 188 2382; x_wconf 85' lang='lat' dir='ltr'><strong>et</strong></span> <span class='ocrx_word' id='word_1_311' title='bbox 202 2351 311 2382; x_wconf 88' lang='lat' dir='ltr'><strong>Deum</strong></span> <span class='ocrx_word' id='word_1_312' title='bbox 327 2351 571 2382; x_wconf 75' lang='lat' dir='ltr'><strong>calumniantes</strong></span> <span class='ocrx_word' id='word_1_313' title='bbox 587 2350 778 2381; x_wconf 84' lang='lat' dir='ltr'><strong>homunculi</strong></span> <span class='ocrx_word' id='word_1_314' title='bbox 791 2359 855 2381; x_wconf 83' lang='lat' dir='ltr'><strong>cae-</strong></span> 
     </span>
     <span class='ocr_line' id='line_1_41' title="bbox 151 2400 851 2442; baseline 0 -10"><span class='ocrx_word' id='word_1_315' title='bbox 151 2401 293 2432; x_wconf 82' lang='lat' dir='ltr'><strong>citatem</strong></span> <span class='ocrx_word' id='word_1_316' title='bbox 323 2402 490 2442; x_wconf 82' lang='lat' dir='ltr'><strong>supinam.</strong></span> <span class='ocrx_word' id='word_1_317' title='bbox 537 2400 567 2432; x_wconf 82' lang='lat' dir='ltr'><strong>A</strong></span> <span class='ocrx_word' id='word_1_318' title='bbox 594 2410 628 2431; x_wconf 83' lang='lat' dir='ltr'><strong>se</strong></span> <span class='ocrx_word' id='word_1_319' title='bbox 657 2406 709 2432; x_wconf 90' lang='lat' dir='ltr'><strong>est</strong></span> <span class='ocrx_word' id='word_1_320' title='bbox 732 2410 851 2432; x_wconf 88' lang='lat' dir='ltr'><strong>nemo:</strong></span> 
     </span>
     <span class='ocr_line' id='line_1_42' title="bbox 153 2451 854 2492; baseline 0.001 -10"><span class='ocrx_word' id='word_1_321' title='bbox 153 2451 212 2482; x_wconf 71' lang='lat' dir='ltr'><strong>sed</strong></span> <span class='ocrx_word' id='word_1_322' title='bbox 244 2452 411 2482; x_wconf 78' lang='lat' dir='ltr'><strong>neminem</strong></span> <span class='ocrx_word' id='word_1_323' title='bbox 439 2452 562 2492; x_wconf 84' lang='lat' dir='ltr'><strong>juvare</strong></span> <span class='ocrx_word' id='word_1_324' title='bbox 591 2457 703 2491; x_wconf 70' lang='lat' dir='ltr'><strong>potest</strong></span> <span class='ocrx_word' id='word_1_325' title='bbox 733 2452 854 2483; x_wconf 73' lang='lat' dir='ltr'><strong>Gratia</strong></span> 
     </span>
     <span class='ocr_line' id='line_1_43' title="bbox 155 2500 853 2543; baseline 0.004 -12"><span class='ocrx_word' id='word_1_326' title='bbox 155 2500 218 2532; x_wconf 88' lang='lat' dir='ltr'><strong>Dei</strong></span> <span class='ocrx_word' id='word_1_327' title='bbox 234 2511 308 2543; x_wconf 79' lang='lat' dir='ltr'><strong>quae</strong></span> <span class='ocrx_word' id='word_1_328' title='bbox 326 2502 495 2533; x_wconf 72' lang='lat' dir='ltr'><strong>obstinate</strong></span> <span class='ocrx_word' id='word_1_329' title='bbox 512 2502 708 2542; x_wconf 76' lang='lat' dir='ltr'><strong>rejiciatur;</strong></span> <span class='ocrx_word' id='word_1_330' title='bbox 730 2508 766 2533; x_wconf 87' lang='lat' dir='ltr'><strong>ut</strong></span> <span class='ocrx_word' id='word_1_331' title='bbox 784 2513 853 2534; x_wconf 77' lang='lat' dir='ltr'><strong>suae</strong></span> 
     </span>
     <span class='ocr_line' id='line_1_44' title="bbox 155 2551 853 2593; baseline 0.004 -12"><span class='ocrx_word' id='word_1_332' title='bbox 155 2560 217 2591; x_wconf 82' lang='lat' dir='ltr'><strong>per</strong></span> <span class='ocrx_word' id='word_1_333' title='bbox 246 2552 335 2582; x_wconf 88' lang='lat' dir='ltr'><strong>illam</strong></span> <span class='ocrx_word' id='word_1_334' title='bbox 375 2553 601 2593; x_wconf 82' lang='lat' dir='ltr'><strong>unusquisque</strong></span> <span class='ocrx_word' id='word_1_335' title='bbox 635 2551 779 2583; x_wconf 82' lang='lat' dir='ltr'><strong>fortunae</strong></span> <span class='ocrx_word' id='word_1_336' title='bbox 810 2554 853 2585; x_wconf 83' lang='lat' dir='ltr'><strong>sit</strong></span> 
     </span>
     <span class='ocr_line' id='line_1_45' title="bbox 153 2600 853 2642; baseline 0.004 -11"><span class='ocrx_word' id='word_1_337' title='bbox 153 2600 290 2633; x_wconf 75' lang='lat' dir='ltr'><strong>artifex.</strong></span> <span class='ocrx_word' id='word_1_338' title='bbox 335 2603 497 2634; x_wconf 79' lang='lat' dir='ltr'><strong>Ceterum</strong></span> <span class='ocrx_word' id='word_1_339' title='bbox 522 2602 771 2642; x_wconf 74' lang='lat' dir='ltr'><strong>perversissime</strong></span> <span class='ocrx_word' id='word_1_340' title='bbox 788 2603 853 2635; x_wconf 78' lang='lat' dir='ltr'><strong>ista</strong></span> 
     </span>
     <span class='ocr_line' id='line_1_46' title="bbox 154 2650 852 2691; baseline 0.004 -9"><span class='ocrx_word' id='word_1_341' title='bbox 154 2651 187 2682; x_wconf 86' lang='lat' dir='ltr'><strong>in</strong></span> <span class='ocrx_word' id='word_1_342' title='bbox 226 2650 359 2683; x_wconf 73' lang='lat' dir='ltr'><strong>Amoris</strong></span> <span class='ocrx_word' id='word_1_343' title='bbox 389 2653 532 2691; x_wconf 74' lang='lat' dir='ltr'><strong>gratiam</strong></span> <span class='ocrx_word' id='word_1_344' title='bbox 567 2652 709 2684; x_wconf 77' lang='lat' dir='ltr'><strong>detorsit</strong></span> <span class='ocrx_word' id='word_1_345' title='bbox 738 2663 852 2685; x_wconf 82' lang='lat' dir='ltr'><strong>amens</strong></span> 
     </span>
     <span class='ocr_line' id='line_1_47' title="bbox 155 2704 851 2744; baseline 0.003 -10"><span class='ocrx_word' id='word_1_346' title='bbox 155 2704 282 2744; x_wconf 81' lang='lat' dir='ltr'><strong>puella,</strong></span> <span class='ocrx_word' id='word_1_347' title='bbox 298 2713 372 2744; x_wconf 81' lang='lat' dir='ltr'><strong>quae</strong></span> <span class='ocrx_word' id='word_1_348' title='bbox 390 2704 493 2734; x_wconf 75' lang='lat' dir='ltr'><strong>tacite</strong></span> <span class='ocrx_word' id='word_1_349' title='bbox 521 2704 610 2733; x_wconf 83' lang='lat' dir='ltr'><strong>Deos</strong></span> <span class='ocrx_word' id='word_1_350' title='bbox 636 2704 778 2744; x_wconf 85' lang='lat' dir='ltr'><strong>spernit,</strong></span> <span class='ocrx_word' id='word_1_351' title='bbox 801 2715 851 2736; x_wconf 83' lang='lat' dir='ltr'><strong>se-</strong></span> 
     </span>
     <span class='ocr_line' id='line_1_48' title="bbox 154 2752 851 2795; baseline 0.004 -12"><span class='ocrx_word' id='word_1_352' title='bbox 154 2763 218 2795; x_wconf 78' lang='lat' dir='ltr'><strong>que</strong></span> <span class='ocrx_word' id='word_1_353' title='bbox 236 2754 340 2786; x_wconf 73' lang='lat' dir='ltr'><strong>nolam</strong></span> <span class='ocrx_word' id='word_1_354' title='bbox 357 2753 421 2784; x_wconf 61' lang='lat' dir='ltr'><strong>sibl</strong></span> <span class='ocrx_word' id='word_1_355' title='bbox 448 2752 513 2784; x_wconf 84' lang='lat' dir='ltr'><strong>Dei</strong></span> <span class='ocrx_word' id='word_1_356' title='bbox 539 2754 612 2785; x_wconf 90' lang='lat' dir='ltr'><strong>loco</strong></span> <span class='ocrx_word' id='word_1_357' title='bbox 633 2758 746 2795; x_wconf 72' lang='lat' dir='ltr'><strong>apem</strong></span> <span class='ocrx_word' id='word_1_358' title='bbox 763 2753 851 2786; x_wconf 81' lang='lat' dir='ltr'><strong>futu-</strong></span> 
     </span>
     <span class='ocr_line' id='line_1_49' title="bbox 155 2815 237 2837; baseline 0.012 -1"><span class='ocrx_word' id='word_1_359' title='bbox 155 2815 237 2837; x_wconf 77' lang='lat' dir='ltr'><strong>ram.</strong></span> 
     </span>
    </p>
   </div>
   <div class='ocr_carea' id='block_1_16' title="bbox 907 2146 1609 2846">
    <p class='ocr_par' dir='ltr' id='par_1_18' title="bbox 907 2146 1609 2846">
     <span class='ocr_line' id='line_1_50' title="bbox 949 2146 1609 2187; baseline -0.003 -8"><span class='ocrx_word' id='word_1_360' title='bbox 949 2150 990 2179; x_wconf 78' lang='lat'><strong>7³</strong></span> <span class='ocrx_word' id='word_1_361' title='bbox 1016 2146 1173 2187; x_wconf 81' lang='lat' dir='ltr'><strong>Fortuna]</strong></span> <span class='ocrx_word' id='word_1_362' title='bbox 1200 2146 1309 2186; x_wconf 70' lang='lat' dir='ltr'><strong>Immo</strong></span> <span class='ocrx_word' id='word_1_363' title='bbox 1333 2146 1425 2177; x_wconf 89' lang='lat' dir='ltr'><strong>Deus</strong></span> <span class='ocrx_word' id='word_1_364' title='bbox 1450 2146 1538 2186; x_wconf 87' lang='lat' dir='ltr'><strong>ipse,</strong></span> <span class='ocrx_word' id='word_1_365' title='bbox 1553 2146 1609 2187; x_wconf 87' lang='lat' dir='ltr'><strong>qui</strong></span> 
     </span>
     <span class='ocr_line' id='line_1_51' title="bbox 908 2196 1608 2239; baseline -0.004 -9"><span class='ocrx_word' id='word_1_366' title='bbox 908 2198 971 2230; x_wconf 86' lang='lat' dir='ltr'><strong>sibi</strong></span> <span class='ocrx_word' id='word_1_367' title='bbox 987 2198 1167 2238; x_wconf 88' lang='lat' dir='ltr'><strong>hominem,</strong></span> <span class='ocrx_word' id='word_1_368' title='bbox 1181 2206 1373 2239; x_wconf 88' lang='lat' dir='ltr'><strong>quanquam</strong></span> <span class='ocrx_word' id='word_1_369' title='bbox 1402 2206 1444 2228; x_wconf 89' lang='lat' dir='ltr'><strong>ex</strong></span> <span class='ocrx_word' id='word_1_370' title='bbox 1470 2205 1506 2227; x_wconf 89' lang='lat' dir='ltr'><strong>se</strong></span> <span class='ocrx_word' id='word_1_371' title='bbox 1528 2196 1608 2227; x_wconf 90' lang='lat' dir='ltr'><strong>nihil</strong></span> 
     </span>
     <span class='ocr_line' id='line_1_52' title="bbox 908 2247 1609 2291; baseline -0.006 -10"><span class='ocrx_word' id='word_1_372' title='bbox 908 2255 971 2289; x_wconf 87' lang='lat' dir='ltr'><strong>est,</strong></span> <span class='ocrx_word' id='word_1_373' title='bbox 999 2250 1108 2291; x_wconf 84' lang='lat' dir='ltr'><strong>gloria</strong></span> <span class='ocrx_word' id='word_1_374' title='bbox 1147 2248 1336 2290; x_wconf 83' lang='lat' dir='ltr'><strong>conjunxit.</strong></span> <span class='ocrx_word' id='word_1_375' title='bbox 1394 2247 1461 2278; x_wconf 87' lang='lat' dir='ltr'><strong>Sed</strong></span> <span class='ocrx_word' id='word_1_376' title='bbox 1494 2257 1513 2278; x_wconf 83' lang='lat' dir='ltr'><strong>a</strong></span> <span class='ocrx_word' id='word_1_377' title='bbox 1544 2256 1609 2288; x_wconf 88' lang='lat' dir='ltr'><strong>quo</strong></span> 
     </span>
     <span class='ocr_line' id='line_1_53' title="bbox 908 2298 1608 2342; baseline -0.004 -10"><span class='ocrx_word' id='word_1_378' title='bbox 908 2305 1062 2342; x_wconf 86' lang='lat' dir='ltr'><strong>tempore</strong></span> <span class='ocrx_word' id='word_1_379' title='bbox 1081 2300 1282 2332; x_wconf 82' lang='lat' dir='ltr'><strong>benedictus</strong></span> <span class='ocrx_word' id='word_1_380' title='bbox 1306 2300 1337 2330; x_wconf 89' lang='lat' dir='ltr'><strong>in</strong></span> <span class='ocrx_word' id='word_1_381' title='bbox 1364 2305 1528 2330; x_wconf 84' lang='lat' dir='ltr'><strong>aeternum</strong></span> <span class='ocrx_word' id='word_1_382' title='bbox 1545 2298 1608 2329; x_wconf 91' lang='lat' dir='ltr'><strong>Dei</strong></span> 
     </span>
     <span class='ocr_line' id='line_1_54' title="bbox 908 2350 1609 2389; baseline -0.004 -7"><span class='ocrx_word' id='word_1_383' title='bbox 908 2350 996 2382; x_wconf 79' lang='lat' dir='ltr'><strong>filius</strong></span> <span class='ocrx_word' id='word_1_384' title='bbox 1014 2351 1116 2382; x_wconf 88' lang='lat' dir='ltr'><strong>vitam</strong></span> <span class='ocrx_word' id='word_1_385' title='bbox 1134 2351 1166 2381; x_wconf 93' lang='lat' dir='ltr'><strong>in</strong></span> <span class='ocrx_word' id='word_1_386' title='bbox 1182 2351 1361 2381; x_wconf 80' lang='lat' dir='ltr'><strong>humanum</strong></span> <span class='ocrx_word' id='word_1_387' title='bbox 1379 2359 1483 2389; x_wconf 84' lang='lat' dir='ltr'><strong>genus</strong></span> <span class='ocrx_word' id='word_1_388' title='bbox 1499 2354 1609 2380; x_wconf 85' lang='lat' dir='ltr'><strong>morte</strong></span> 
     </span>
     <span class='ocr_line' id='line_1_55' title="bbox 908 2399 1609 2442; baseline -0.004 -10"><span class='ocrx_word' id='word_1_389' title='bbox 908 2411 969 2433; x_wconf 82' lang='lat' dir='ltr'><strong>sua</strong></span> <span class='ocrx_word' id='word_1_390' title='bbox 984 2401 1177 2442; x_wconf 85' lang='lat' dir='ltr'><strong>inspiravit,</strong></span> <span class='ocrx_word' id='word_1_391' title='bbox 1194 2401 1288 2442; x_wconf 72' lang='lat' dir='ltr'><strong>quasi</strong></span> <span class='ocrx_word' id='word_1_392' title='bbox 1308 2405 1453 2431; x_wconf 83' lang='lat' dir='ltr'><strong>mortem</strong></span> <span class='ocrx_word' id='word_1_393' title='bbox 1475 2399 1609 2430; x_wconf 76' lang='lat' dir='ltr'><strong>attulis-</strong></span> 
     </span>
     <span class='ocr_line' id='line_1_56' title="bbox 909 2451 1608 2492; baseline -0.003 -9"><span class='ocrx_word' id='word_1_394' title='bbox 909 2457 974 2492; x_wconf 81' lang='lat' dir='ltr'><strong>set,</strong></span> <span class='ocrx_word' id='word_1_395' title='bbox 990 2452 1089 2484; x_wconf 88' lang='lat' dir='ltr'><strong>otiari</strong></span> <span class='ocrx_word' id='word_1_396' title='bbox 1115 2458 1151 2483; x_wconf 86' lang='lat' dir='ltr'><strong>et</strong></span> <span class='ocrx_word' id='word_1_397' title='bbox 1175 2458 1372 2492; x_wconf 78' lang='lat' dir='ltr'><strong>putrescere</strong></span> <span class='ocrx_word' id='word_1_398' title='bbox 1390 2451 1541 2492; x_wconf 84' lang='lat' dir='ltr'><strong>plerique</strong></span> <span class='ocrx_word' id='word_1_399' title='bbox 1559 2451 1608 2482; x_wconf 86' lang='lat' dir='ltr'><strong>di-</strong></span> 
     </span>
     <span class='ocr_line' id='line_1_57' title="bbox 908 2502 1609 2543; baseline -0.003 -9"><span class='ocrx_word' id='word_1_400' title='bbox 908 2503 1079 2541; x_wconf 83' lang='lat' dir='ltr'><strong>dicerunt,</strong></span> <span class='ocrx_word' id='word_1_401' title='bbox 1104 2503 1165 2533; x_wconf 90' lang='lat' dir='ltr'><strong>uisi</strong></span> <span class='ocrx_word' id='word_1_402' title='bbox 1182 2502 1269 2543; x_wconf 87' lang='lat' dir='ltr'><strong>quod</strong></span> <span class='ocrx_word' id='word_1_403' title='bbox 1294 2502 1452 2532; x_wconf 86' lang='lat' dir='ltr'><strong>mundum</strong></span> <span class='ocrx_word' id='word_1_404' title='bbox 1479 2503 1609 2532; x_wconf 84' lang='lat' dir='ltr'><strong>univer-</strong></span> 
     </span>
     <span class='ocr_line' id='line_1_58' title="bbox 909 2552 1605 2584; baseline -0.001 -1"><span class='ocrx_word' id='word_1_405' title='bbox 909 2563 981 2584; x_wconf 82' lang='lat' dir='ltr'><strong>sum</strong></span> <span class='ocrx_word' id='word_1_406' title='bbox 1013 2563 1079 2583; x_wconf 83' lang='lat' dir='ltr'><strong>una</strong></span> <span class='ocrx_word' id='word_1_407' title='bbox 1110 2562 1184 2583; x_wconf 92' lang='lat' dir='ltr'><strong>cum</strong></span> <span class='ocrx_word' id='word_1_408' title='bbox 1223 2552 1384 2583; x_wconf 78' lang='lat' dir='ltr'><strong>fratribus</strong></span> <span class='ocrx_word' id='word_1_409' title='bbox 1423 2552 1605 2582; x_wconf 80' lang='lat' dir='ltr'><strong>absorbere</strong></span> 
     </span>
     <span class='ocr_line' id='line_1_59' title="bbox 907 2602 1606 2635; baseline -0.004 -1"><span class='ocrx_word' id='word_1_410' title='bbox 907 2603 1081 2635; x_wconf 54' lang='lat' dir='ltr'><strong>festinant.</strong></span> <span class='ocrx_word' id='word_1_411' title='bbox 1128 2602 1238 2634; x_wconf 77' lang='lat' dir='ltr'><strong>Aliter</strong></span> <span class='ocrx_word' id='word_1_412' title='bbox 1263 2605 1341 2634; x_wconf 82' lang='lat' dir='ltr'><strong>olim</strong></span> <span class='ocrx_word' id='word_1_413' title='bbox 1370 2603 1534 2633; x_wconf 77' lang='lat' dir='ltr'><strong>Etlinicus</strong></span> <span class='ocrx_word' id='word_1_414' title='bbox 1550 2602 1606 2632; x_wconf 84' lang='lat' dir='ltr'><strong>ho-</strong></span> 
     </span>
     <span class='ocr_line' id='line_1_60' title="bbox 907 2651 1606 2695; baseline -0.003 -10"><span class='ocrx_word' id='word_1_415' title='bbox 907 2664 974 2694; x_wconf 90' lang='lat' dir='ltr'><strong>mo,</strong></span> <span class='ocrx_word' id='word_1_416' title='bbox 988 2654 1170 2695; x_wconf 81' lang='lat' dir='ltr'><strong>(Catonem</strong></span> <span class='ocrx_word' id='word_1_417' title='bbox 1185 2654 1277 2694; x_wconf 74' lang='lat' dir='ltr'><strong>(lico)</strong></span> <span class='ocrx_word' id='word_1_418' title='bbox 1294 2655 1324 2683; x_wconf 88' lang='lat' dir='ltr'><strong>in</strong></span> <span class='ocrx_word' id='word_1_419' title='bbox 1341 2654 1467 2683; x_wconf 80' lang='lat' dir='ltr'><strong>Senatu</strong></span> <span class='ocrx_word' id='word_1_420' title='bbox 1481 2663 1489 2689; x_wconf 75' lang='lat'>3</span> <span class='ocrx_word' id='word_1_421' title='bbox 1505 2654 1513 2667; x_wconf 79' lang='lat'>⁴</span> <span class='ocrx_word' id='word_1_422' title='bbox 1529 2651 1606 2683; x_wconf 76' lang='lat' dir='ltr'><strong>Non</strong></span> 
     </span>
     <span class='ocr_line' id='line_1_61' title="bbox 907 2702 1605 2745; baseline -0.003 -11"><span class='ocrx_word' id='word_1_423' title='bbox 907 2704 1019 2743; x_wconf 48' lang='lat' dir='ltr'><strong>voti&amp;</strong></span> <span class='ocrx_word' id='word_1_424' title='bbox 1044 2705 1167 2745; x_wconf 83' lang='lat' dir='ltr'><strong>inquit,</strong></span> <span class='ocrx_word' id='word_1_425' title='bbox 1182 2706 1313 2743; x_wconf 84' lang='lat' dir='ltr'><strong>‘neque</strong></span> <span class='ocrx_word' id='word_1_426' title='bbox 1339 2702 1513 2742; x_wconf 81' lang='lat' dir='ltr'><strong>suppliciis</strong></span> <span class='ocrx_word' id='word_1_427' title='bbox 1535 2711 1605 2733; x_wconf 87' lang='lat' dir='ltr'><strong>mu-</strong></span> 
     </span>
     <span class='ocr_line' id='line_1_62' title="bbox 907 2753 1602 2792; baseline -0.003 -7"><span class='ocrx_word' id='word_1_428' title='bbox 907 2754 1067 2785; x_wconf 73' lang='lat' dir='ltr'><strong>liebribus</strong></span> <span class='ocrx_word' id='word_1_429' title='bbox 1092 2753 1216 2784; x_wconf 77' lang='lat' dir='ltr'><strong>auxilia</strong></span> <span class='ocrx_word' id='word_1_430' title='bbox 1243 2753 1389 2783; x_wconf 81' lang='lat' dir='ltr'><strong>Deorum</strong></span> <span class='ocrx_word' id='word_1_431' title='bbox 1419 2757 1602 2792; x_wconf 81' lang='lat' dir='ltr'><strong>parantur:</strong></span> 
     </span>
     <span class='ocr_line' id='line_1_63' title="bbox 908 2801 1604 2846; baseline 0 -12"><span class='ocrx_word' id='word_1_432' title='bbox 908 2804 1088 2846; x_wconf 75' lang='lat' dir='ltr'><strong>vigilando,</strong></span> <span class='ocrx_word' id='word_1_433' title='bbox 1114 2802 1257 2844; x_wconf 75' lang='lat' dir='ltr'><strong>agendo,</strong></span> <span class='ocrx_word' id='word_1_434' title='bbox 1275 2801 1360 2834; x_wconf 77' lang='lat' dir='ltr'><strong>bene</strong></span> <span class='ocrx_word' id='word_1_435' title='bbox 1383 2803 1604 2843; x_wconf 81' lang='lat' dir='ltr'><strong>consulendo,</strong></span> 
     </span>
    </p>
   </div>
  </div>
 </body>
</html>
