1831 3023
241 245 354 287 1618
730 257 768 286 Ρ.
800 255 957 284 ovmu
991 255 1206 286 Nissoms

241 350 319 400 At,
339 352 446 392 bene
466 353 503 392 si
523 352 656 399 noris,
678 349 826 403 pigeat
843 349 1034 401 fugisse:
1065 362 1299 404 morasque

243 417 354 472 Ipsa
375 424 474 460 tuas
496 419 677 458 damnes
698 430 709 467 ;
731 422 774 456 et
792 430 860 456 me
880 416 1062 457 retinere
1083 418 1268 458 labores.

242 486 352 526 Sunt
372 485 491 533 mihi,
514 497 616 537 pars
637 483 811 532 montis,
836 484 939 524 vivo
962 484 1193 535 pendentia
1215 496 1328 525 saxo
1611 483 1696 525 810

240 551 380 593 Antra
399 566 408 601 3
440 552 597 603 quibus
617 564 697 591 nec
718 551 798 591 Sol
817 551 959 591 medio
980 552 1165 592 sentitur
1184 553 1228 592 in
1251 552 1376 601 aestu,

242 618 340 660 Nec
362 618 540 658 sentitur
558 619 708 671 hyems
727 632 736 659 :
768 621 868 658 sunt
887 630 1023 670 poma
1044 620 1266 670 gravantia
1285 631 1459 659 ramos:

241 686 349 726 Sunt
369 698 476 725 auro
497 686 665 725 similes
684 686 822 731 longis
843 686 887 725 in
908 686 1072 726 vitibus
1095 699 1192 727 uvae
1211 700 1221 727 ε

241 752 350 792 Sunt
369 757 410 791 et
430 765 659 805 purpureae
679 766 689 803 3
721 754 799 793 tibi
821 758 864 793 et
882 753 964 793 has
987 766 1227 803 servamus,
1249 757 1293 794 et
1315 754 1430 794 illas.

240 819 346 872 Ipsa
368 819 454 858 tuis
475 820 690 868 manibus,
712 820 916 871 sylvestri
937 823 1041 858 nata
1062 822 1143 858 sub
1165 822 1332 869 umbra,
1612 818 1696 860 815

240 885 399 926 Mollia
419 887 537 938 frag-a
558 888 702 937 leges:
735 887 837 938 ipsa
857 885 1129 925 autumnalia
1150 897 1295 934 corna,

240 953 490 1006 Primaque,
512 967 594 994 non
616 953 755 993 solum
775 952 898 1004 nigro
919 952 1101 992 liventia
1121 964 1274 1001 succo,

237 1019 402 1060 Verum
425 1021 555 1061 ctiam
579 1032 805 1072 generosa,
827 1031 1054 1071 novasque
1074 1019 1292 1060 imitantia
1313 1031 1453 1060 ceras.

238 1087 337 1127 Nec
359 1088 439 1128 tibi
461 1091 697 1136 castaneae,
719 1099 789 1126 me
807 1085 1002 1139 conjuge,
1025 1098 1107 1126 nec
1127 1085 1207 1126 tibi
1228 1086 1409 1127 deerunt

238 1153 419 1195 Arbutei
442 1155 572 1194 foetus
590 1168 599 1195 :
631 1155 774 1193 omnis
794 1153 874 1193 tibi
894 1153 1057 1194 serviet
1077 1154 1228 1194 arbos.
1608 1155 1695 1198 820

237 1220 343 1261 Hoc
365 1234 498 1274 pecus
519 1234 644 1261 omne
665 1233 810 1260 meum
830 1224 920 1260 est:
952 1220 1103 1261 multae
1121 1233 1294 1274 quoquc
1311 1221 1503 1262 vallibus
1524 1229 1691 1264 errant:

239 1288 406 1329 Multas
427 1289 551 1342 sylva
572 1288 677 1340 tegit
694 1302 703 1329 :
735 1288 887 1328 multae
911 1288 1189 1328 stabulantur
1208 1288 1255 1327 in
1276 1289 1425 1330 antris.

238 1356 349 1405 Nec,
372 1357 409 1396 si
431 1355 539 1396 forte
558 1369 699 1408 rogeS,
719 1357 887 1409 possim
908 1356 986 1397 tibi
1008 1355 1165 1404 (licere,
1186 1360 1293 1408 quot
1312 1356 1414 1396 sint.

238 1423 453 1476 Pauperis
475 1426 543 1463 est
561 1436 786 1464 numerare
805 1437 960 1476 pecus.
1021 1423 1090 1464 De
1109 1423 1320 1463 laudibus
1339 1423 1489 1464 harum

233 1559 290 1593 ris,
304 1558 449 1596 poeuz'teat
456 1556 594 1595 fugisse,
609 1561 638 1587 et
654 1558 721 1597 ipsa
732 1568 846 1597 arguas
858 1562 929 1589 tuas
943 1558 1152 1589 cunctationes
1164 1568 1175 1594 ,¹
1191 1560 1220 1588 et
1236 1559 1361 1588 studeas
1376 1567 1422 1588 me
1438 1558 1582 1589 retinere.
1608 1559 1692 1591 Sunt

235 1600 312 1629 mihi
327 1601 476 1638 speluncce
500 1604 723 1630 concameratae
737 1602 770 1630 in
785 1600 854 1631 vicu
878 1611 952 1640 rupe
966 1610 1039 1640 pars
1054 1601 1179 1638 montis,
1203 1600 1235 1630 in
1259 1600 1368 1638 quibus
1382 1609 1476 1639 neque
1492 1601 1546 1631 Soc
1558 1603 1694 1633 sentitur

232 1651 289 1682 per
304 1641 439 1671 intensos
453 1641 579 1677 calores,
593 1650 685 1680 neque
693 1641 803 1679 frigus
817 1644 962 1673 sentitur.
1006 1643 1088 1673 Sunt
1113 1652 1202 1681 poma
1217 1643 1378 1672 curi-antia
1392 1652 1515 1679 ramos5
1536 1647 1610 1674 sunt
1625 1654 1691 1675 avoe

235 1683 350 1714 similes
369 1693 445 1713 auro
462 1683 494 1712 in
506 1683 664 1722 productis
677 1683 813 1718 vitibus;
834 1687 905 1714 sunt
927 1687 957 1714 et
983 1684 1104 1713 rubroe:
1137 1683 1194 1712 libi
1217 1693 1408 1713 asservamus
1423 1687 1454 1713 et
1477 1685 1531 1714 Ιιικι
1557 1689 1587 1716 et
1612 1686 1692 1717 illas.

235 1726 309 1766 Ipsa
325 1725 451 1764 colliges
475 1725 536 1755 tuis
558 1725 698 1755 manibus
727 1728 831 1757 tenera
848 1726 948 1764 fraga
963 1729 1038 1756 nata
1053 1724 1107 1754 sub
1128 1724 1237 1754 umbra
1251 1724 1395 1764 sylvestri
1407 1734 1420 1761 ,⁵
1442 1725 1509 1765 ipsa
1526 1726 1691 1767 decerpes

233 1779 327 1799 carna
341 1768 544 1805 autumnalia,
559 1771 588 1798 et
602 1777 714 1807 pruna,
726 1778 786 1798 non
798 1771 921 1799 tantum
935 1766 1125 1806 nigricantia
1139 1776 1224 1797 succo
1236 1770 1316 1804 alm,
1332 1775 1438 1797 verum
1453 1769 1547 1799 etiam
1562 1769 1690 1808 nobilia,

234 1814 325 1851 atque
342 1810 520 1841 exhibentia
534 1813 670 1841 recentes
685 1820 780 1841 ceras.
808 1811 917 1851 Neque
929 1813 1091 1845 castaneae,
1103 1818 1198 1849 neque
1201 1809 1328 1847 fructus
1341 1810 1463 1840 arbutei
1477 1811 1536 1841 tibi
1550 1812 1692 1851 deerunt,

234 1864 281 1884 me
298 1854 421 1884 marito.
468 1853 580 1883 Omnis
593 1853 686 1883 arbor
702 1857 755 1883 tua
771 1853 842 1884 erit.
889 1854 1001 1883 Omnes
1016 1853 1064 1882 ha:
1076 1853 1206 1891 pecudes
1227 1861 1303 1882 meae
1327 1856 1399 1882 sunt
1411 1863 1422 1883 .·
1444 1854 1549 1884 multoe
1575 1864 1694 1894 quaque

233 1899 389 1935 vagantur
416 1904 470 1935 per
500 1896 609 1926 valles:
631 1895 719 1936 sylva
746 1896 855 1926 occulit
884 1897 1017 1927 multas.-
1040 1895 1145 1925 multoe
1159 1894 1314 1932 jacentia
1328 1895 1498 1934 speluncis.-
1521 1905 1616 1936 neque
1632 1897 1692 1928 tibi

231 1939 344 1978 possim
356 1938 458 1969 dicere
473 1942 543 1978 quot
558 1938 635 1978 sint,
650 1939 677 1968 si
693 1938 848 1979 exquiras.
895 1939 953 1969 Est
969 1938 1076 1969 miseri
1089 1937 1123 1968 in
1139 1947 1263 1968 numero
1277 1936 1387 1968 luthere
1399 1947 1500 1978 pecus.
1545 1939 1604 1970 Nil
1613 1939 1690 1972 milui

846 2026 881 2038 >e
888 2025 1080 2039 “0000‘000‘

233 2082 328 2113 veloci
342 2083 462 2113 demere
477 2082 676 2113 vellem—8]
686 2085 702 2113 l
726 2083 854 2113 Thuan.
870 2082 970 2112 medio
985 2092 1038 2112 nec
1049 2082 1105 2121 sol,
1121 2081 1210 2122 quod
1223 2082 1339 2112 Burm.
1356 2082 1489 2113 mollius
1497 2082 1689 2122 judicat.—

235 2127 297 2155 812
323 2124 397 2155 Pal.
426 2134 496 2156 sec.
514 2130 549 2154 et
561 2125 722 2156 Heidelb.
743 2135 824 2165 pom.
841 2125 975 2155 virentia
989 2125 1201 2156 ramis—813
1225 2125 1320 2155 Unus
1338 2125 1433 2155 Leid.
1448 2130 1483 2155 et
1500 2125 1576 2155 Pat.
1600 2125 1686 2163 lang.

232 2167 310 2196 mihi
324 2167 487 2198 vit—817
510 2167 569 2198 Pr.
587 2168 674 2198 Mor.
690 2172 726 2198 et
747 2167 814 2198 duo
840 2167 896 2198 alii
923 2167 1007 2206 nigr.
1025 2167 1159 2198 lucentia
1186 2169 1375 2197 suem—820
1398 2166 1531 2197 Arbutei
1558 2166 1590 2196 in
1617 2175 1684 2197 uno

235 2207 366 2239 Ciofan.
383 2214 418 2240 et
433 2210 476 2239 V.
494 2210 584 2249 vulg.
601 2210 865 2241 Arbaca-821.
883 2212 945 2240 822
970 2209 1065 2240 Med.
1082 2210 1243 2248 mult-eque
1267 2208 1301 2239 in
1323 2209 1394 2238 tall.
1419 2209 1504 2239 Mox
1530 2218 1580 2248 pr.
1607 2209 1686 2239 Bas.

232 2250 321 2281 mult.
346 2251 530 2280 clauduntur
554 2252 587 2281 in
613 2255 696 2283 antr.
720 2252 879 2283 Heidelb.
896 2252 998 2281 hosce
1023 2252 1106 2281 duos
1129 2260 1192 2281 ves,
1218 2251 1253 2280 in
1278 2259 1379 2280 unum
1405 2251 1589 2289 contraxit,
1615 2251 1687 2282 Hoc

229 2302 323 2332 pecus
348 2302 377 2322 ο.
403 2302 442 2322 m.
463 2295 529 2327 est,·
552 2293 656 2322 multoe
678 2293 872 2323 stabulantur
898 2294 931 2322 in
957 2293 1071 2329 antris,
1091 2292 1220 2322 omissis
1243 2292 1480 2323 mediis.—823
1503 2293 1625 2324 Possim
1641 2300 1685 2324 ex

233 2334 425 2365 melioribus
457 2334 578 2365 Heius.
610 2334 759 2375 recepit3
784 2335 840 2365 alii
863 2337 1103 2375 possum.——824
1136 2334 1287 2365 Berolin.
1313 2344 1430 2365 numer.
1453 2338 1686 2375 greges—826

890 2440 1029 2472 NOTAE

277 2518 340 2547 808
363 2514 484 2554 Mor-as]
510 2516 594 2548 Qnae
609 2514 739 2546 faciunt
759 2524 801 2547 ne
816 2515 929 2547 statim
986 2515 1068 2545 buto
1095 2514 1215 2545 arbore
1237 2514 1464 2555 deripiuntur,
1480 2519 1558 2545 sunt
1583 2514 1684 2545 valde

234 2567 318 2598 meis
335 2565 503 2597 amoribus
519 2564 653 2597 fruaris.
985 2566 1117 2605 asperi3
1149 2565 1362 2605 quamobrem
1391 2564 1492 2595 etiam
1523 2567 1532 2581 ‘
1558 2563 1687 2595 unedo-

278 2619 340 2647 810
364 2608 550 2655 Pendentia]
572 2615 628 2646 Ita
641 2614 811 2655 videntur,
827 2625 930 2656 quan·
985 2617 1053 2648 nes’
1071 2627 1089 2648 a
1104 2617 1218 2647 Plinio
1235 2620 1484 2657 nuncupantur,
1500 2615 1589 2656 quod
1609 2616 1683 2655 plu·

233 2667 276 2697 do
290 2676 367 2707 pars
382 2666 448 2696 ima
463 2666 554 2706 rupis
571 2671 621 2696 est
637 2675 746 2705 erosa,
757 2667 929 2706 superiore
985 2678 1038 2699 res
1054 2668 1110 2698 edi
1133 2677 1198 2697 non
1227 2667 1365 2707 possint.
1412 2665 1459 2696 At
1486 2666 1586 2697 arbor
1607 2665 1683 2706 ipsa

234 2718 268 2749 in
285 2717 420 2748 modum
447 2716 530 2748 tecti
556 2721 716 2757 protensa
742 2721 844 2758 atque
871 2717 929 2747 im-
984 2718 1130 2759 antiquis
1153 2717 1186 2747 in
1205 2717 1334 2748 deliciis
1358 2715 1425 2747 fnit
1451 2720 1593 2756 propter
1611 2726 1680 2748 um-

233 2767 394 2799 minente.
985 2768 1078 2800 bran]
1094 2772 1130 2799 et
1145 2765 1302 2799 foliorum
1319 2766 1560 2798 amoenitatem.

277 2820 340 2849 820
362 2816 510 2857 Arbutei]
553 2816 696 2849 Fructus
721 2816 779 2859 qui
806 2826 848 2849 ex
879 2826 930 2848 ar-
