1831 3023
218 219 346 262 1236»
708 231 749 262 r.
782 229 939 261 ovum
973 227 1186 260 NAsoms

813 466 931 507 FAB.
963 466 1049 507 IV.

219 578 410 617 Pemnns,
425 576 531 608 Peuae
546 575 638 614 filioe,
653 574 766 606 herbis
781 574 949 614 impulsae,
964 577 1145 615 postquam
1161 574 1321 607 viderunt
1335 575 1476 607 arietem
1495 579 1672 616 gravatum

262 634 367 662 aetate
379 629 412 660 in
428 629 504 669 agni
520 628 670 669 speciem
687 626 972 667 transfiguratum,
990 626 1198 659 ambitiosius
1225 639 1245 660 a
1269 628 1397 660 Medea
1419 634 1538 669 petere
1560 637 1672 669 coepe-

260 687 353 722 runt,
367 686 406 713 ut
420 681 525 712 Peliae
543 681 676 721 parenti
690 689 805 710 earum
822 679 1031 717 restitueret,
1047 688 1146 719 quam
1169 681 1329 721 temporis
1356 680 1573 721 processione
1595 681 1675 712 ami-

261 736 372 775 sisset,
390 735 626 775 juventutern3
649 732 739 774 quod
765 736 803 762 ut
831 731 889 762 illa
905 732 1051 772 accepit,
1077 732 1219 771 cupiens
1246 734 1416 765 inimicum
1441 733 1576 766 Jasonis
1592 732 1673 765 data

259 788 438 820 occasione
469 787 608 827 punire;
646 785 782 825 impulit
802 793 857 814 eas
889 788 1068 824 parentem
1096 783 1341 824 interficerent,
1369 791 1405 817 et
1426 787 1613 817 laceratum
1637 785 1671 817 in

259 841 380 872 aenum
408 839 545 871 fervens
573 837 803 869 dimitterent.
863 836 964 869 Quod
990 841 1028 868 ut
1059 836 1187 867 factum
1215 842 1280 876 est,
1305 847 1442 869 currum
1468 838 1672 870 draconibus

253 894 414 935 junctum
430 891 641 930 conscendit,
657 895 693 921 et
709 899 770 931 per
787 889 867 922 aera
882 891 985 931 elata,
998 895 1221 931 conspectum
1236 890 1449 922 inimicorum
1467 890 1630 933 profugit.

218 991 385 1048 NEvE
407 1006 498 1046 doli
519 1008 718 1055 cessent3
751 1004 900 1045 odium
920 1017 1021 1046 cum
1038 1004 1226 1058 conjuge
1247 1004 1410 1046 falsum

217 1074 405 1115 Phasias
423 1072 673 1114 assimulat:
695 1071 924 1125 Peliaeque
946 1072 1003 1113 ad
1023 1072 1174 1113 limina
1194 1073 1386 1127 supplex

217 1140 436 1194 Confugit.
497 1138 646 1193 Atque
668 1139 784 1179 illam
805 1138 1034 1193 (quoniam
1054 1140 1198 1191 gravis
1218 1140 1316 1192 ipse
1338 1137 1538 1193 senecta)

216 1208 458 1262 Excipiunt
476 1213 611 1248 natae.
674 1206 798 1256 Quas
818 1209 1012 1259 tempore
1032 1206 1202 1246 callida
1222 1218 1360 1259 parvo
1585 1206 1672 1248 300

217 1275 397 1317 Colchis
420 1276 626 1316 amicitiae
647 1274 875 1315 mendacis
897 1274 1086 1326 imagine
1110 1273 1243 1326 cepit.

217 1342 425 1396 Dumque
446 1342 588 1392 refert,
610 1344 724 1383 inter
740 1342 989 1382 meritorum
1011 1342 1221 1390 maxima,
1243 1340 1414 1382 demtos

217 1408 400 1449 AEsonis
421 1422 520 1449 esse
544 1410 676 1461 situs3
709 1412 839 1462 atque
857 1408 938 1448 hac
960 1407 1005 1447 in
1025 1410 1148 1460 parte
1168 1410 1383 1458 moratur3

256 1540 306 1563 lv.
331 1532 416 1562 Neve
431 1531 564 1570 fraudes
590 1532 786 1570 omittantur,
815 1531 950 1562 Phasias
965 1530 1067 1572 fingit
1083 1531 1185 1562 odium
1203 1530 1323 1568 salsum
1344 1540 1412 1561 cum
1426 1532 1564 1569 marit⁰;
1579 1535 1671 1574 atque

210 1573 301 1613 fugit
325 1575 455 1615 supplex
470 1575 605 1613 adfores
633 1574 750 1605 Peliae:
773 1577 803 1604 ct
819 1575 890 1614 ejus
897 1574 991 1615 filioe,
1007 1574 1151 1614 quoniam
1166 1574 1230 1613 ipse
1253 1575 1362 1604 tardus
1376 1575 1470 1612 senio,
1486 1575 1574 1606 illam
1588 1576 1672 1606 exci-

211 1617 323 1656 piunt:
346 1627 421 1657 quas
436 1617 519 1647 brevi
540 1620 644 1647 astuta
663 1617 786 1647 Colchis
799 1617 910 1647 delusit
925 1616 1118 1657 speciefictae
1134 1615 1360 1647 benevolentiae.
1406 1617 1548 1658 Dumque
1561 1620 1672 1648 narrat

212 1662 304 1700 atque
318 1663 455 1691 recenset
468 1659 502 1690 in
516 1669 641 1690 numero
657 1659 861 1690 maximorum
877 1658 1101 1700 beneficiorum,
1123 1658 1239 1689 senium
1267 1659 1392 1690 AEsonis
1417 1668 1482 1690 esse
1506 1660 1672 1701 sublacum,

1021 1753 1059 1764 Ν

213 1820 250 1848 et
263 1815 425 1847 Heidelb.
451 1817 533 1858 capit
550 1817 614 1848 hoc.
660 1816 730 1848 Pro
754 1816 808 1846 hoc
824 1815 946 1846 Heins.
973 1815 1060 1855 conj.
1088 1815 1152 1854 hos,
1171 1815 1241 1846 scil.
1265 1825 1379 1847 annos.
1424 1816 1561 1848 Deinde
1578 1819 1669 1860 vulg.

212 1859 300 1890 hoca
319 1859 473 1890 colchide.
518 1859 585 1890 Sed
602 1858 721 1890 Heius.
746 1858 842 1889 dedit
867 1856 996 1888 AEetida
1013 1857 1118 1889 ductu
1142 1858 1226 1888 Mss.
1249 1858 1282 1888 in
1307 1858 1430 1899 quibus
1458 1859 1591 1890 AEthide
1611 1865 1671 1893 aut

211 1911 233 1932 α
259 1901 397 1933 Thetide.
442 1901 566 1932 Verbis
596 1902 684 1933 enim
712 1900 853 1941 rogandi
880 1899 1051 1931 interdum
1083 1900 1234 1940 geminus
1260 1900 1488 1932 Accusativus
1519 1902 1670 1935 additur.

212 1942 283 1974 Alii
315 1944 426 1975 aliter.
470 1944 520 1975 Ab
536 1945 666 1975 AEtlzicie
695 1944 822 1984 primus
850 1943 943 1973 Med.
961 1948 997 1973 et
1026 1952 1085 1972 sex
1116 1943 1193 1973 aliix
1217 1943 1254 1973 ab
1287 1943 1399 1974 OEtide
1424 1945 1550 1982 primus
1567 1945 1608 1976 V.
1632 1951 1671 1977 et

214 1985 339 2026 aliique
375 1987 542 2027 quinque:
582 1986 619 2017 ab
650 1986 777 2018 AEthide
816 1986 916 2017 Cant.
945 1984 984 2015 ab
1013 1985 1146 2015 Etheide
1175 1985 1306 2015 Arund.
1344 1986 1383 2016 ab
1419 1986 1563 2017 Ethelide
1600 1988 1669 2027 pri·

212 2036 284 2057 mus
300 2028 450 2059 Moreti:
474 2040 492 2059 α
526 2029 641 2060 Theide
669 2029 787 2060 tertius
810 2026 906 2058 Med.
933 2037 952 2057 a
976 2027 1084 2057 Cetide
1111 2026 1238 2066 primus
1265 2027 1336 2058 Pal.
1356 2032 1393 2058 et
1417 2033 1556 2068 quartus
1573 2029 1668 2061 Med.

211 2079 231 2099 a
248 2069 364 2100 Eehide
379 2080 445 2101 sec.
462 2071 535 2102 Pal.
581 2071 622 2102 In
639 2071 805 2101 nonnullis
829 2075 927 2100 vetus
952 2069 1056 2099 lectio
1074 2069 1208 2107 penitus
1224 2078 1329 2099 erasa.
1353 2068 1454 2099 Alter
1479 2069 1668 2111 Hamburg.

213 2114 249 2142 et
267 2111 394 2142 Genev.
410 2123 429 2142 α
446 2113 692 2143 Thetide—299
714 2113 796 2143 Lov.
811 2120 901 2149 grav.
920 2111 980 2141 ille.
1027 2110 1123 2140 Idem
1139 2114 1289 2141 senectoe:
1314 2111 1463 2142 Berolin.
1483 2115 1594 2143 senect.
1612 2117 1668 2145 est.

211 2155 317 2185 —300
338 2154 465 2185 Thuan.
490 2154 657 2194 Accipiunt
680 2157 851 2185 nat.—301
881 2152 1044 2184 mendacis
1070 2162 1114 2183 ex
1141 2152 1338 2184 melioribus
1363 2153 1523 2185 Ciofauus
1550 2154 1667 2195 dedit3

866 2247 1006 2280 NOTAE

252 2320 910 2363 297DoliJMedeae,scilicet‚fraudibus
965 2322 1126 2362 greditur.

211 2375 367 2402 assuetam
1008 2375 1067 2403 301
1096 2372 1232 2413 Colchis]
1263 2373 1397 2404 Medea.

251 2423 315 2452 293
339 2421 488 2461 Phasias]
516 2422 640 2454 Medea
662 2423 749 2464 ipsa,
772 2422 910 2453 aPhasi
1006 2425 1068 2453 302
1097 2423 1298 2463 Meritorium]
1336 2422 1465 2454 Quibus
1494 2423 1662 2464 ingratum

211 2470 413 2502 Colchorum
429 2471 532 2503 fluvio
551 2474 598 2504 sic
615 2474 718 2504 dicta.
964 2471 1124 2503 ,Iasonem
1170 2472 1236 2503 sibi
1285 2473 1430 2504 maxime
1486 2472 1662 2504 devincire

253 2520 367 2560 Pelian]
395 2522 462 2553 Qui
489 2523 613 2561 Pelias,
637 2524 767 2555 AEsonis
792 2524 908 2563 frater,
965 2524 1157 2555 studuerat.
1365 2523 1376 2530 ”

208 2569 386 2602 Thessaliae
403 2580 541 2609 reguum
560 2573 622 2603 sibi
649 2583 668 2603 a
684 2572 792 2604 fratre
818 2583 906 2604 com·
1004 2576 1065 2604 303
1089 2573 1191 2614 Situs]
1220 2574 1351 2606 AEsonis
1367 2574 1450 2606 dicit
1466 2573 1663 2615 senium‚de

209 2620 346 2651 missum
361 2621 449 2661 quod
465 2622 584 2653 Jasoni
607 2623 722 2653 adulto
751 2630 906 2654 restatue-
963 2634 1028 2664 quo
1046 2633 1157 2663 supra.

209 2676 275 2710 ret,
290 2681 350 2712 per
362 2670 516 2702 fraudem
531 2674 699 2704 retinebat
714 2685 720 2703 :
749 2674 906 2714 quamob·
1004 2675 1172 2717 Moratur]
1190 2675 1236 2705 Ut
1253 2674 1373 2715 puellis
1389 2674 1455 2705 illis
1471 2683 1567 2705 suum
1580 2683 1662 2715 quo-

208 2730 292 2760 rem,
306 2721 390 2752 dolis
403 2728 594 2763 quoque‚ct
607 2723 760 2754 simulato
770 2724 906 2756 ,Iasonis
961 2734 1025 2765 que
1043 2730 1172 2764 patrem
1198 2724 1240 2754 ad
1253 2725 1423 2765 juveniles
1439 2734 1544 2757 annos
1565 2732 1662 2756 revo-

207 2770 296 2812 odio,
309 2771 434 2803 Medea
444 2772 537 2804 illum
548 2772 590 2803 de
602 2773 713 2805 medio
725 2773 845 2806 tollere
853 2783 908 2814 ag·
960 2774 1058 2807 candi
1072 2774 1220 2807 studium
1233 2774 1404 2816 injiceret.
