1831 3023
488 242 960 280 METAMORPHOSEON
995 248 1090 279 1218.
1127 251 1211 280 VH.

1460 243 1574 285 1217

115 344 175 385 Et
196 357 349 397 genus,
370 348 414 385 et
431 343 567 384 virtus
581 342 600 381 't
633 353 765 394 quam
787 353 891 390 non,
913 346 961 382 ut
981 344 1127 383 cetera
1146 342 1305 393 desint,

117 412 279 453 Forma
299 421 470 452 movere
491 408 670 461 potest?
702 410 818 448 certe
841 420 939 448 mea
958 413 1141 461 pectora
1159 410 1314 451 movit.

116 479 194 529 At,
214 480 299 520 nisi
319 489 449 531 opem
469 474 625 523 tuler0‚
647 478 867 516 taurorum
887 475 1105 517 afflabitur
1124 489 1198 517 ore
1215 489 1226 517 τ

117 545 439 597 Concurretque
460 555 552 583 suae
574 542 730 594 segeti,
757 542 909 583 tellure
930 543 1089 584 creatis

1520 545 1577 587 30

118 612 338 653 Hostibus
355 625 364 651 :
395 614 470 651 aut
490 609 623 650 avido
645 609 820 651 dabitur
839 610 931 651 fera
949 610 1102 664 praeda
1123 610 1317 652 draconi.

116 679 223 721 Hoc
243 692 324 730 ego
345 679 383 718 si
402 678 558 731 patiar,
580 682 673 718 tum
694 691 764 718 me
787 678 843 719 de
866 678 1019 731 tigride
1040 683 1206 728 natam,

117 747 231 788 Tum
252 746 407 787 ferrum
428 750 473 786 et
493 745 707 800 scopulos
729 751 898 798 gestare
919 747 963 787 in
984 746 1113 787 corde
1133 746 1318 788 fatebor.

118 812 206 854 Cur
223 826 309 854 non
330 818 375 854 et
394 816 550 866 specto
570 814 855 867 pereuntem?
889 814 1132 867 oculosque
1153 812 1340 855 videndo

119 880 420 922 Conscelero'?
453 894 529 922 cur
546 893 635 921 non
656 885 810 921 tauros
830 881 1037 921 exhortor
1055 881 1100 921 in
1122 880 1264 930 illum,

116 947 463 1002 Terrigenasque
480 948 612 997 feros,
634 947 959 1001 insopitumque
979 947 1210 988 draconem
1226 948 1245 987 't

119 1013 180 1056 Di
199 1015 381 1055 meliora
401 1015 547 1056 velint.

120 1081 210 1122 Sed
229 1081 432 1123 facienda
451 1082 570 1123 mihi.

609 1013 871 1068 Quanquam
892 1026 976 1054 non
996 1015 1082 1055 ista
1102 1013 1340 1067 precanda,

632 1081 885 1123 Prodamne
906 1094 986 1135 ego
1006 1094 1139 1134 regna
1159 1082 1373 1135 parentis,

121 1148 270 1202 Atque
293 1162 378 1203 ope
401 1151 550 1191 nescio
573 1150 671 1203 quis
693 1150 932 1191 servabitur
954 1149 1125 1190 advena
1144 1153 1306 1199 nostra,

117 1283 217 1322 possit
232 1285 359 1322 tangere
374 1283 445 1323 ejus
461 1283 630 1323 elegantia,
647 1294 821 1323 quanquam
837 1285 955 1324 reliqua
977 1282 1218 1316 desiderentur?
1263 1283 1346 1314 Sane
1361 1283 1470 1321 tetigit
1483 1292 1584 1314 meum

121 1335 183 1355 cor.
229 1325 285 1363 At,
300 1326 361 1355 nisi
376 1326 499 1364 jurem,
526 1325 682 1367 inficietur
698 1326 815 1365 spiritu
831 1330 1002 1362 taurorum,
1025 1330 1053 1356 et
1079 1325 1240 1356 dimicabit
1262 1335 1329 1355 cum
1345 1325 1484 1355 hostibus
1497 1328 1584 1356 terra

118 1368 247 1406 genitis,
261 1378 315 1397 sua
331 1371 435 1406 segete
447 1378 457 1404 ;
481 1372 535 1398 aut
551 1368 712 1406 objicietur
720 1368 835 1406 feralis
847 1369 956 1408 praeda
971 1368 1076 1407 rapaci
1091 1367 1228 1397 draconi.
1273 1367 1311 1397 Si
1328 1377 1383 1406 ego
1403 1367 1458 1397 hoc
1473 1368 1584 1406 tulero,

122 1413 189 1440 tum
204 1419 251 1440 me
267 1419 428 1449 agnoscam
444 1413 544 1440 ortam
559 1419 598 1440 ex
614 1410 745 1449 tigride,
760 1413 790 1440 et
801 1420 910 1449 gerere
917 1409 1043 1447 ferrum
1056 1413 1084 1440 et
1097 1409 1200 1440 silices
1210 1409 1242 1439 in
1254 1410 1355 1440 corde.
1381 1409 1585 1445 Quamobrem

121 1451 216 1482 etiam
232 1462 291 1483 non
308 1452 395 1483 video
409 1451 666 1492 procumbentem,
688 1456 717 1483 et
734 1462 802 1482 reos
821 1451 909 1490 sacia
926 1453 1026 1483 oculos
1040 1449 1228 1492 spectando?
1253 1451 1445 1492 quamobrem
1462 1462 1522 1484 non
1538 1453 1586 1482 in-

120 1494 214 1525 cendo
229 1498 336 1525 tauros
349 1495 493 1525 adversas
508 1495 608 1533 illum,
632 1499 662 1525 et
677 1495 815 1525 crudeles
838 1494 1024 1534 terrigena&
1051 1498 1081 1525 et
1098 1496 1258 1525 draconem
1272 1495 1454 1535 pervigilem
1466 1493 1482 1526 ξ’
1526 1495 1589 1526 Dii.

121 1536 244 1568 latiora
258 1538 436 1568 concedant.
484 1538 669 1577 Quanquam
684 1547 745 1567 non
762 1538 822 1567 ista
838 1537 914 1568 mihi
938 1538 1091 1576 roganda,
1115 1538 1166 1568 sea
1183 1535 1344 1574 facienda.
1392 1538 1500 1577 Egone
1522 1540 1587 1568 tra-

122 1580 193 1610 dam
209 1589 305 1620 regna
317 1579 481 1620 genitoris,
507 1582 537 1611 et
554 1580 654 1611 nescio
669 1580 737 1621 quis
748 1581 936 1621 peregrinus
952 1580 1114 1611 incolumis
1129 1580 1189 1612 erit
1202 1583 1310 1611 nostro
1332 1581 1467 1620 auxilio,
1483 1583 1517 1611 ut
1530 1590 1588 1621 per

738 1674 972 1686 eeeeeeeeeeee

123 1734 362 1775 cantapia—26
386 1735 507 1766 Heius.
525 1735 628 1770 Quam
649 1744 691 1766 ex
707 1744 778 1765 var.
793 1735 875 1766 lect.
902 1734 998 1765 unius
1016 1735 1117 1765 Voss.
1137 1734 1229 1774 vulg.
1248 1735 1447 1770 Quem—27
1465 1733 1585 1765 Heius.

126 1786 168 1807 ex
183 1777 263 1807 Lov.
282 1782 318 1808 et
335 1787 399 1808 uno
411 1778 503 1808 Mea.
518 1778 571 1808 hic
587 1777 690 1808 etiam
706 1787 813 1817 quam.-
838 1778 926 1814 vulg.
944 1777 1150 1812 Quem-28.
1164 1780 1204 1807 29
1220 1778 1284 1807 Ore
1299 1787 1417 1807 morere
1433 1776 1532 1807 multi
1545 1785 1589 1807 ex

126 1819 340 1850 melioribus:
356 1819 447 1859 quod
465 1820 492 1850 si
505 1820 726 1859 admittimus,
738 1829 836 1850 versu
855 1820 1008 1860 proximo
1021 1829 1082 1859 pro
1097 1822 1257 1849 taurorum
1269 1829 1333 1857 ore,
1346 1819 1412 1850 erit
1425 1827 1591 1858 reponen-

127 1861 206 1892 dum
225 1861 297 1899 igne
313 1871 389 1892 cum
406 1862 505 1901 prim.
540 1863 628 1892 Mor.
652 1862 696 1893 Ο.
723 1872 775 1902 pr.
804 1862 994 1899 Harnburg.
1024 1867 1059 1891 et
1086 1861 1162 1891 aliis
1186 1861 1376 1892 duodecim.
1421 1860 1591 1902 Afflabitur

127 1914 206 1934 aura
223 1904 424 1937 Graevianus
453 1914 514 1944 pro
540 1905 672 1935 diversa
701 1905 947 1936 lectione—30
972 1905 1111 1944 Septem
1138 1903 1246 1934 Codd.
1273 1905 1489 1944 Occurretque.
1508 1903 1593 1934 Mss-

129 1947 260 1977 Bersm.
278 1952 312 1977 et
331 1948 466 1987 plurimi
484 1948 539 1978 alii
555 1957 619 1978 suae
633 1947 768 1985 regestu
794 1947 841 1977 sic
858 1953 893 1977 et
911 1947 996 1977 editi
1012 1946 1246 1988 quidalm—32
1270 1946 1420 1977 Berolin.
1445 1949 1517 1976 tunc
1532 1955 1590 1976 me.

129 1991 212 2020 —34
237 1989 379 2020 Plurimi
397 2000 455 2020 non
472 1994 624 2030 expecto,-
653 1991 800 2031 quinque
825 1993 1002 2030 conspecto,-
1036 1989 1138 2020 Barb.
1160 1992 1302 2029 aspecto,·
1325 1998 1376 2029 pr.
1395 1989 1503 2019 Grou.
1527 1998 1592 2018 am-

125 2032 341 2072 phaom—37
369 2032 487 2063 Heius.
517 2033 659 2071 meliora,
687 2033 879 2063 velim—38
903 2032 944 2063 R.
961 2037 996 2063 et
1013 2032 1150 2063 Vivian.
1171 2032 1348 2071 perdamne.
1396 2031 1490 2062 Med.
1507 2040 1591 2062 uuus

790 2148 937 2181 NOTAE

169 2232 213 2262 29
239 2229 423 2271 Taurorum]
450 2229 617 2271 Ignivomi
633 2235 744 2267 erant,
760 2230 831 2261 aeri-

129 2279 252 2322 pedes;
289 2279 462 2320 domandi,
490 2285 527 2311 ut
558 2281 598 2310 iis
627 2286 720 2311 terra
746 2280 834 2311 subi-

131 2335 291 2371 geretur3
328 2330 383 2361 cui
408 2329 564 2362 draconis
585 2330 706 2362 dentes
725 2330 833 2363 ,lason

130 2378 353 2411 concrederet
368 2390 377 2417 ;
401 2390 441 2410 ex
458 2380 581 2422 quibus
601 2381 721 2412 armati
737 2381 833 2412 terri·

131 2438 227 2471 genae
244 2436 462 2470 erumperent
478 2429 570 2462 ferro
586 2430 734 2462 delendi.

174 2482 215 2511 ³0
239 2480 315 2512 Sua·
331 2481 446 2520 segeti]
469 2482 524 2512 De
541 2482 677 2512 armatis
692 2482 836 2513 homini-

132 2530 195 2562 bus
225 2531 390 2572 loquitur,
414 2531 471 2572 qui
502 2542 545 2563 ex
572 2532 654 2563 satis
680 2532 837 2563 draconis

132 2579 294 2612 dentibus
309 2586 542 2622 exsurgentes,
558 2582 694 2614 Jasonis
715 2582 838 2614 satoris

135 2639 233 2670 neges
249 2630 420 2662 dicuntur.

178 2682 216 2710 ⁸1
253 2681 406 2721 Draconi]
438 2681 598 2712 Immanis
623 2682 680 2714 ille
704 2688 779 2714 erat
803 2688 839 2714 et

135 2729 296 2771 pervigil,
310 2732 366 2772 qui
384 2732 491 2762 vellus
515 2741 652 2763 aureum
669 2733 840 2765 custodie-

135 2780 207 2812 tm.

180 2833 221 2862 at
241 2831 305 2860 Cur
316 2841 374 2861 non
390 2835 418 2861 et
431 2831 549 2872 :pr-cto]
564 2832 838 2874 Ingeniosiuime

224 2884 337 2925 Delplt.
352 2889 381 2916 et
406 2885 480 2918 rar.
496 2886 578 2917 Clas.

827 2887 919 2918 Oeta.

889 2230 1034 2270 seipsam
1053 2238 1072 2260 a
1087 2229 1291 2261 crudelitate
1304 2229 1504 2260 dehortatur
1521 2228 1595 2260 Me·

888 2281 965 2319 dea,
980 2290 1055 2321 qum
1072 2280 1113 2311 ad
1131 2289 1237 2320 usque
1254 2279 1470 2311 crudelitatis
1485 2285 1595 2311 metas

889 2331 1024 2363 ultimas
1063 2330 1218 2371 pervadit
1255 2329 1376 2372 quibus
1413 2334 1598 2361 terreatur.

890 2384 999 2415 Quam
1017 2391 1097 2413 vero
1115 2391 1156 2413 ex
1178 2382 1330 2422 plurimis
1345 2381 1544 2413 criminibus
1561 2386 1598 2412 et

889 2433 1034 2465 miseriis
1051 2439 1182 2465 uosmet
1199 2432 1459 2471 extricaremns,
1474 2441 1513 2462 ea
1529 2441 1597 2462 me-

891 2483 1008 2522 thodo,
1039 2483 1066 2514 si
1101 2488 1258 2515 extrema
1288 2492 1429 2524 quaeque
1461 2490 1597 2522 percur-

891 2544 1057 2566 rer-emus.

934 2588 974 2616 37
1002 2586 1185 2625 Quanquam
1200 2584 1274 2625 non]
1296 2585 1405 2617 Quam
1424 2591 1503 2612 vero
1520 2589 1598 2621 pau-

893 2636 1035 2667 cis-imis
1053 2635 1256 2668 Christianis
1280 2634 1439 2673 contigit,
1463 2631 1597 2672 sapien-

894 2693 948 2716 ter
986 2686 1087 2716 saluti
1126 2696 1194 2715 suae
1234 2693 1366 2714 manum
1406 2682 1600 2720 admovere,

894 2736 1026 2777 Deiquc
1038 2746 1112 2766 esse
1124 2733 1329 2764 administris
1340 2741 1439 2773 quem
1453 2737 1598 2772 poscunt

893 2785 1102 2825 adjutorem!
1121 2785 1284 2814 Pervorse
1295 2791 1370 2811 cnm
1385 2781 1598 2821 voluptatum

893 2844 1028 2865 surarum
1045 2833 1214 2865 vindicem
1231 2833 1373 2873 cupiunt
1390 2832 1555 2872 plerique.

1435 2888 1454 2915 ,1
1479 2884 1511 2915 11
