1831 3023
249 238 362 282 1486
732 251 774 282 P.
807 250 964 281 ovinn
999 250 1212 282 NAsoN1s

243 345 424 399 Spicula
445 345 701 386 crabronum
721 357 874 397 pressa
894 345 1063 386 cervice
1085 345 1264 398 gerenti,
1612 347 1699 391 335

245 411 348 462 Qua
369 414 440 453 via
459 412 592 460 nulla,
614 412 711 452 ruit.
769 411 798 451 J
804 425 872 451 am
895 419 982 451 tum
1005 412 1107 453 mihi
1129 425 1300 453 currere
1320 412 1442 454 visus

244 479 355 520 Plus
375 479 546 519 homine
567 482 657 518 est:
689 477 872 529 alasque
893 478 1029 529 pedes
1048 481 1266 520 sumsisse
1289 484 1479 533 putares.

243 546 426 599 [Effugit
446 557 545 594 ergo
566 556 748 593 omnes3
782 543 998 598 veloxque
1021 548 1226 600 cupidine
1247 545 1339 597 leti]

242 612 422 653 Vertice
446 610 652 651 Parnassi
673 611 848 663 potitur.
909 611 1147 654 Miseratus
1169 614 1348 668 Apollo,

243 678 353 719 Cum
372 690 419 716 se
449 677 678 718 Daedalion
698 691 809 718 saxo
829 680 1021 721 misisset
1040 682 1096 721 ab
1117 683 1220 732 alto,
1611 682 1697 724 340

242 744 368 785 Fecit
389 757 530 793 avem,
552 751 595 784 et
615 745 771 786 subitis
791 747 1045 799 pendentem
1067 750 1246 790 sustulit
1268 749 1365 799 alis,

241 811 421 865 Oraque
443 813 615 853 adunca
635 813 772 863 dedit,
792 827 949 855 curvos
969 815 1089 856 dedit
1109 818 1323 869 unguibus
1341 817 1510 866 hamos,

245 879 460 920 Virtutem
481 882 719 932 antiquam,
750 880 938 933 majores
960 894 1141 934 corpore
1161 884 1295 923 vires.

240 946 300 987 Et
318 960 431 987 nunc
448 948 675 1001 accipiter,
701 947 831 987 nullis
853 948 961 988 satis
984 960 1154 1001 aequus,
1177 948 1222 987 in
1243 960 1393 988 omnes

240 1013 381 1055 Saevit
399 1027 530 1067 aves3
562 1015 749 1067 aliisque
772 1014 924 1056 dolens
946 1015 994 1056 fit
1014 1028 1153 1058 causa
1174 1015 1367 1056 dolendi.
1607 1017 1695 1059 345

602 1183 720 1224 ΕΑΒ.
752 1183 847 1225 ΙΧ.
908 1184 1061 1237 Lupus
1082 1184 1126 1224 in
1148 1183 1333 1225 Saxum.

237 1292 391 1325 Ameron
407 1297 523 1334 pastor
536 1296 777 1332 armentorum,
791 1301 867 1333 quae
880 1293 1005 1324 Peleus
1018 1291 1060 1323 ad
1073 1293 1185 1333 Ceyca
1199 1292 1418 1333 perduxerat,
1428 1293 1556 1327 indicat
1568 1305 1588 1327 a
1600 1296 1695 1338 lupo,

279 1347 334 1377 cui
349 1347 468 1378 obsisti
485 1347 652 1388 nequiret,
676 1346 834 1378 custodes
857 1346 1018 1378 interimi.
1064 1346 1185 1379 Quint
1208 1346 1380 1378 intellexit
1403 1347 1562 1380 Nereidis
1584 1349 1636 1381 ira
1657 1350 1691 1381 id

278 1399 342 1430 sibi
365 1400 536 1439 accidere,
553 1400 642 1440 quod
657 1399 789 1430 Phocus
805 1408 846 1429 ea
862 1403 966 1430 aetate
990 1399 1093 1430 AEaco
1116 1398 1250 1439 genitus
1276 1409 1295 1429 a
1321 1409 1356 1429 se
1382 1399 1577 1440 interiisset,
1599 1405 1634 1433 et
1656 1401 1691 1432 id

277 1452 436 1491 precibus
453 1452 565 1492 potius
581 1462 681 1493 quam
709 1451 839 1482 ultione
863 1460 937 1482 esse
963 1451 1377 1491 sedandum‚suppliciter
1400 1452 1442 1482 ab
1467 1462 1507 1483 ea
1534 1454 1632 1493 petit,
1648 1463 1692 1485 ne

277 1505 367 1535 ultra
383 1509 648 1546 persequeretur
662 1504 856 1535 admissum.
901 1505 985 1537 Quoe
1004 1504 1185 1545 aliquando
1200 1504 1352 1535 Thetidis
1368 1505 1490 1536 sororis
1506 1509 1599 1536 mota
1615 1515 1692 1546 pre-

277 1558 383 1596 cibus,
405 1567 447 1588 ne
472 1558 615 1598 amplius
640 1556 713 1588 fera
737 1561 890 1588 armenta
911 1562 1033 1598 petens
1055 1557 1203 1597 saeviret,
1220 1557 1252 1587 in
1268 1558 1340 1588 saxi
1365 1567 1437 1589 eam
1454 1557 1595 1599 figuram
1613 1568 1692 1591 con·

273 1610 389 1641 vertit.

233 1694 374 1752 QUAE
396 1711 499 1750 dum
522 1710 725 1750 Lucifero
747 1710 919 1762 genitus
940 1710 1151 1751 miracula
1170 1714 1314 1750 narrat

230 1839 319 1861 veneo
325 1829 450 1867 serenti
462 1828 579 1860 cervice
594 1832 702 1859 onusta
716 1829 834 1859 aculeos
857 1828 1050 1868 crabronum,
1076 1838 1138 1868 qua
1161 1829 1278 1859 nullum
1300 1827 1361 1858 iter
1382 1828 1565 1869 prorumpit.
1609 1829 1687 1861 Jam

230 1876 297 1903 tum
310 1872 388 1903 mihi
403 1873 483 1903 visus
498 1875 544 1903 est
559 1881 681 1902 currere
705 1872 775 1911 plus
800 1881 890 1911 quam
911 1871 1021 1908 homo;
1051 1875 1141 1910 atque
1171 1872 1311 1902 crederes
1337 1871 1428 1909 pedes
1451 1871 1586 1902 induisse
1609 1873 1686 1904 alas.

229 1915 372 1955 Adeoque
386 1925 449 1945 sese
479 1914 636 1945 subtraxit
661 1914 821 1950 omnibus,·
844 1917 873 1944 et
899 1914 976 1944 celer
999 1915 1109 1944 mortis
1135 1914 1297 1952 desiderio,
1316 1913 1459 1952 pervenit
1481 1914 1522 1944 ad
1542 1923 1685 1945 cacumen

229 1957 390 1988 Parnassi.
438 1959 516 1988 Cum
535 1957 697 1987 Doedalion
713 1966 744 1986 se
760 1957 892 1987 dedisset
906 1956 1095 1996 proecipitem
1110 1956 1148 1986 ab
1164 1957 1282 1987 excelsa
1297 1965 1385 1994 rupe,
1401 1956 1509 1995 Apollo
1523 1956 1686 1987 miseratus

228 2001 359 2030 mutavit
372 2000 405 2030 in
420 2001 538 2037 alitem,
552 2003 581 2030 et
596 2000 710 2029 lev-facit
723 2000 881 2029 cadentem
895 1999 1067 2039 repentinis
1082 1998 1141 2029 alis
1153 2009 1164 2035 ;
1189 2002 1280 2038 atque
1295 1998 1381 2028 dedit
1388 1997 1507 2035 faciem
1521 1999 1684 2038 aduncam,

228 2042 339 2080 adjecit
362 2052 453 2073 uncos
468 2043 606 2072 humatos
619 2041 783 2080 unguibus,
806 2042 954 2072 virtutem
969 2044 1112 2079 veterem,
1127 2041 1209 2071 vires
1220 2039 1381 2080 ampliores
1404 2049 1537 2079 corpore.
1580 2041 1684 2080 Atque

229 2093 308 2115 nunc
327 2085 487 2124 accipiter,
507 2084 584 2115 nulli
606 2084 681 2113 satis
707 2084 837 2124 amicus,
853 2083 1020 2121 feritatem
1043 2086 1164 2114 exercet
1178 2084 1211 2113 in
1226 2091 1329 2113 omnes
1342 2092 1354 2118 ;
1368 2086 1398 2112 et
1414 2083 1516 2113 dolens
1530 2086 1575 2113 est
1590 2092 1682 2114 causa

227 2126 585 2203 dvlleiyr'fhgilazs'monstra
611 2169 682 2198 dum
697 2168 788 2208 fibius
815 2168 987 2208 Phosphori
1009 2167 1109 2205 refert
1134 2167 1170 2197 de
1185 2175 1239 2196 suo
1255 2165 1384 2203 fratre,⁴
1406 2166 1527 2197 Anetor
1541 2166 1681 2197 Phoceus

836 2250 853 2260 φ
1029 2249 1069 2260 Ν

227 2307 331 2336 -335
345 2305 405 2335 Pr.
417 2305 495 2334 Bas.
511 2307 621 2344 quart.
637 2303 730 2334 Med.
756 2303 884 2335 Arund.
902 2303 943 2334 Ο.
958 2307 994 2334 et
1014 2303 1071 2334 alii
1083 2305 1154 2334 loesa
1174 2313 1235 2343 pro
1247 2312 1371 2342 pressa:
1401 2312 1470 2333 sec.
1486 2303 1563 2335 Pal.
1578 2305 1679 2342 heva,-

225 2348 306 2380 Jun.
324 2349 532 2388 passm—3:36
550 2347 650 2386 Vulg.
669 2347 741 2375 null.
757 2346 849 2383 fuit;
872 2350 908 2376 et
926 2346 973 2376 sic
990 2345 1125 2386 quidam
1147 2350 1232 2376 vett.
1258 2345 1326 2375 Alii
1346 2344 1556 2384 fugit.—337
1579 2347 1679 2379 Voss.

225 2391 332 2430 aliosq.
346 2391 417 2430 ped.
434 2390 563 2419 Borion.
581 2394 616 2418 et
628 2398 732 2428 marg.
751 2389 881 2418 Bersm.
898 2398 988 2419 sums.
1004 2389 1240 2419 videres.—338
1252 2388 1354 2418 Hunc
1371 2398 1504 2428 quoque
1521 2398 1571 2418 vs.
1589 2387 1681 2419 adul-

230 2432 375 2462 terinum
385 2441 457 2462 esse
467 2431 522 2461 vix
537 2430 672 2460 dubitat
683 2430 907 2461 Heins.—341
921 2430 981 2460 Pr.
996 2430 1104 2461 Gron.
1116 2440 1165 2470 pr.
1174 2430 1363 2470 Hamburg.
1376 2431 1460 2461 Exc.
1473 2430 1500 2460 I.
1511 2434 1547 2460 et
1561 2430 1680 2462 decem

227 2474 284 2505 alii
305 2475 398 2514 peud.
421 2473 554 2504 sustinet
566 2473 716 2504 eth—344
734 2473 839 2503 Nullis
853 2482 895 2503 ex
912 2472 1064 2513 plurimis
1078 2473 1186 2504 Codd.
1203 2473 1292 2513 vulg.
1306 2472 1501 2503 nulla—345
1526 2473 1677 2505 Berolin.

880 2579 1025 2611 NOTAE

268 2655 332 2684 336
353 2652 449 2692 Ruit]
470 2652 561 2683 Hinc
574 2651 675 2692 igitur
688 2652 833 2692 tyranni,
843 2652 922 2692 jure
1019 2655 1079 2684 345
1105 2652 1235 2693 Dolens]
1275 2651 1371 2684 Nulli
1400 2660 1500 2692 quam
1524 2650 1587 2682 sibi
1614 2650 1677 2683 ini-

224 2712 284 2734 suo
309 2702 444 2744 quosvis
480 2702 627 2743 spoliare
660 2702 760 2741 soliti,
792 2706 922 2733 naturae
976 2703 1072 2744 quior
1088 2707 1140 2734 est
1153 2704 1251 2733 homo
1264 2701 1444 2742 violentus,
1457 2700 1514 2743 qui
1537 2699 1587 2732 ita
1609 2699 1674 2732 feri

214 2753 310 2793 jura,
325 2762 388 2792 per
398 2762 472 2794 quae
488 2751 608 2783 eodem
619 2751 653 2782 in
668 2761 780 2793 segue
789 2752 824 2783 in
840 2752 922 2784 alios
975 2757 1129 2785 naturam
1143 2753 1263 2785 induit.

221 2800 336 2834 surore
350 2801 508 2843 saeviunt,
520 2801 653 2834 discant
664 2802 824 2834 revereri.
