1831 3023
228 210 342 252 1172
711 220 752 249 P.
786 218 942 254 ovrnn
976 217 1187 249 NAsoms

288 314 380 364 Qui
398 316 596 368 superest
615 312 738 354 solus
759 311 951 366 Cinyran
970 313 1100 353 habet
1121 313 1305 365 angulus
1327 312 1477 353 orbum
1495 323 1505 351 ε

228 382 362 435 Isque
385 380 544 433 gradus
563 380 732 433 templi,
754 382 949 420 natarum
969 380 1162 420 membra
1181 393 1367 428 suarum,

227 448 532 501 Amplectens,
553 459 750 498 saxoque
766 446 936 497 jacens,
958 445 1199 499 lacrymare
1220 447 1407 487 videtur.

230 515 395 556 Circuit
411 517 630 555 extremas
652 512 760 551 oleis
780 511 1010 563 pacalibus
1032 524 1147 553 oras,

231 582 279 623 Is
300 580 457 622 modus
478 584 570 630 est3
601 578 809 630 operique
831 588 910 617 sua
934 575 1038 616 facit
1059 578 1209 618 arbore
1229 579 1368 619 finem.

288 647 476 688 Maeonis
498 646 661 685 elusam
683 643 881 694 designat
905 642 1091 693 imagine
1111 645 1224 683 tauri

231 715 440 768 Europen
458 727 466 754 :
496 724 648 752 verum
667 715 852 758 taurum,
874 707 982 748 freta
1003 721 1104 748 vera
1123 714 1315 761 putares.

231 782 343 834 Ipsa
361 779 588 820 videbatur
608 780 744 817 terras
761 777 958 827 spectare
979 774 1167 824 relictas,

231 848 290 888 Et
309 848 492 888 comites
515 846 702 885 clamare
720 855 836 891 suaS,
858 844 1106 894 tactumque
1126 843 1268 882 vereri

231 913 485 954 Assilientis
506 924 633 963 aquae
651 923 661 960 ;
694 908 958 961 timidasque
978 908 1183 948 reducere
1204 909 1392 962 plantas.

233 979 360 1020 Fecit
378 981 420 1019 et
440 977 643 1018 Asterien
663 976 811 1028 aquila
828 975 1019 1015 luctante
1041 975 1175 1015 teneri
1193 989 1202 1015 :

233 1045 359 1086 Fecit
378 1044 560 1085 olorinis
582 1044 733 1083 Ledan
751 1043 957 1085 recubare
979 1046 1061 1084 sub
1080 1043 1161 1083 alis
1179 1056 1188 1082 ε

232 1110 431 1160 Addidit,
452 1113 499 1150 ut
519 1109 667 1162 Satyri
694 1109 860 1149 celatus
880 1109 1067 1161 imagine
1088 1109 1311 1161 pulchram

1592 441 1676 482 100

1594 773 1678 814 106

1594 1105 1679 1146 110

237 1251 379 1291 Cinyran
393 1249 528 1280 filiabus
540 1250 717 1289 privatum.-
749 1251 840 1288 atque
855 1248 882 1279 is
897 1250 1081 1288 amplectens
1093 1249 1211 1287 gradus
1235 1249 1341 1288 templi
1365 1247 1421 1289 qui
1437 1251 1516 1279 ante
1540 1246 1679 1278 fuerant

233 1296 321 1323 artus
332 1302 456 1323 suarum
471 1292 630 1333 filiarum,
652 1295 681 1321 et
694 1294 813 1321 strutus
829 1291 862 1320 in
876 1294 979 1330 petra,
994 1292 1210 1330 riileturflere.
1258 1291 1369 1330 fingit
1384 1291 1508 1321 ultimas
1523 1299 1592 1320 oras
1606 1289 1680 1319 oleis

230 1334 388 1375 paciferis.
433 1334 466 1364 Is
474 1333 654 1374 suitfinis;
678 1336 768 1372 atque
783 1333 914 1363 absolsit
930 1344 1003 1372 opas
1018 1344 1071 1363 sua
1087 1334 1204 1364 arbore.
1251 1333 1387 1364 IlIaeonia
1407 1333 1560 1363 Arachne
1573 1328 1680 1372 pingit

236 1379 394 1417 Europam
407 1377 563 1415 deceptam
570 1374 677 1412 forma
693 1375 795 1405 tauri:
819 1375 1019 1405 arbitrareris
1034 1385 1136 1405 rerum
1164 1379 1299 1413 taurum,
1324 1376 1461 1405 crederes
1475 1384 1547 1404 vera
1568 1373 1679 1404 maria.

235 1421 309 1459 Ipsa
322 1419 482 1449 ridebatur
497 1418 646 1457 respicere
662 1420 762 1447 terras
787 1419 933 1454 desertas,
956 1421 985 1447 et
1012 1428 1118 1447 vocare
1133 1428 1202 1448 suas
1227 1418 1369 1457 aquales,
1394 1421 1425 1447 et
1439 1417 1546 1447 timere
1562 1418 1680 1446 tactum

235 1471 322 1501 aquoe
334 1460 500 1502 affluentis,
526 1464 556 1489 et
572 1459 728 1489 retrahere
751 1459 873 1499 plantus
886 1460 1026 1498 pai-idas.
1074 1460 1104 1490 F
1104 1460 1188 1490 inxit
1213 1469 1326 1500 qnoque
1342 1460 1488 1490 Asterien
1511 1457 1626 1497 corripi
1641 1457 1679 1487 ab

236 1504 340 1544 aquila
355 1506 511 1534 certante:
523 1502 625 1543 finxit
642 1502 757 1532 Ledam
772 1504 906 1532 stratam
931 1502 985 1531 sub
1009 1502 1069 1532 alis
1086 1503 1184 1542 cycni.
1229 1502 1362 1542 Aajecic,
1387 1505 1422 1532 ut
1436 1501 1566 1542 Jupiter
1581 1502 1680 1531 tectus

839 1599 1071 1613 eeeeeeeeeeee

237 1674 357 1706 Heius.
378 1672 489 1704 subitis
503 1672 692 1712 quim—101
717 1672 814 1703 Cant.
830 1672 884 1702 οἷο.
908 1671 1089 1709 baccalibus,
1116 1675 1151 1703 et
1177 1672 1222 1703 ita
1250 1672 1444 1712 conjecerat
1468 1669 1678 1701 Gronovius:

236 1718 317 1749 Jun.
353 1715 511 1746 bacaribus
523 1725 532 1750 ;
570 1714 717 1744 Beroliu.
744 1713 1022 1752 pacatibus.—102
1057 1714 1216 1745 Heidelb.
1239 1715 1513 1753 operisque—104
1537 1713 1682 1751 Europen

237 1759 303 1788 duo
319 1757 426 1789 Codd.
441 1756 497 1787 alii
514 1757 787 1795 Europam—105
812 1755 914 1785 Barb.
930 1759 1279 1794 s1mr.paterm1s.-107
1297 1756 1452 1785 Reducere
1467 1755 1570 1794 pr.V.
1585 1754 1681 1784 Med.

236 1809 323 1831 uuus
339 1809 382 1831 ex
398 1798 550 1839 optimis,
564 1802 599 1828 et
615 1798 732 1828 decem
748 1797 804 1827 alii
818 1807 827 1835 3
851 1797 948 1828 multi
963 1798 1064 1828 etiam
1077 1808 1120 1829 ex
1133 1802 1216 1829 vett.
1240 1799 1414 1834 recludere‚·
1438 1796 1495 1828 alii
1508 1797 1681 1828 recondere·

891 1915 1029 1948 NOTAE

279 2001 321 2029 98
346 1997 501 2038 Cinyran]
522 1997 602 2029 Fuit
630 1997 684 2029 hic
714 1997 931 2038 Assyriorum

236 2056 310 2085 reX,
337 2047 397 2087 (ab
423 2048 482 2077 illo
509 2046 673 2085 diversus,
702 2057 800 2087 quem
831 2057 932 2087 supra

236 2096 380 2127 vidimus
396 2097 547 2136 Myrrhae
571 2095 760 2136 parentem)
776 2095 833 2135 qui
848 2095 932 2126 filias

235 2145 355 2176 habuit
375 2145 630 2185 pulcherrimas,
655 2150 757 2184 atque
782 2144 865 2175 adeo
891 2145 933 2175 de

236 2204 330 2227 more
356 2195 517 2235 superbia
540 2193 764 2225 ferocissimas
786 2204 859 2224 cum
876 2195 934 2226 Ju-

238 2254 325 2276 none
337 2245 378 2276 de
394 2244 504 2276 forma
516 2243 722 2276 contendere
740 2253 845 2274 ausas.
868 2244 934 2273 Eas

238 2296 414 2336 indignata
439 2296 514 2326 Dea
537 2296 571 2326 in
592 2295 642 2325 sni
659 2295 776 2335 templi
801 2294 933 2334 gradum

239 2348 369 2385 patrem
396 2345 519 2386 frigida
543 2345 688 2375 filiarum
709 2353 852 2384 corpora
868 2353 934 2374 am-

238 2395 448 2435 plectentem
464 2396 496 2425 in
514 2405 630 2426 saxum
644 2395 798 2426 mutavit.

282 2448 339 2475 101
370 2445 504 2485 Circuit]
527 2445 654 2475 Mansit
675 2443 839 2484 hodieque
863 2453 933 2474 mos

240 2493 342 2534 idem,
366 2499 403 2525 ut
429 2495 471 2525 ad
498 2495 677 2525 aulaeorum
694 2504 751 2524 seu
775 2493 933 2533 peristro-

241 2545 368 2575 matum
394 2554 480 2582 oras,
505 2547 597 2574 serta
627 2548 662 2574 et
693 2543 839 2582 corollae,
875 2547 934 2573 aut

241 2594 408 2634 ejusmodi
423 2594 559 2632 leviora,
573 2594 788 2634 adjiciantur.

284 2643 464 2684 Pacalibus]
500 2644 627 2674 Pacem
657 2643 936 2684 significantibus,

244 2697 278 2723 et
305 2693 575 2731 conciliantibus,
591 2703 690 2733 quam
705 2693 839 2733 quidem
860 2694 937 2723 Pal-

243 2743 292 2773 las
307 2742 475 2783 sapientia
490 2751 562 2783 sua,
583 2742 688 2782 magis
703 2752 802 2783 quam
826 2743 939 2783 armis,

985 1999 1074 2029 inter
1088 1997 1240 2029 furentes
1254 1999 1338 2029 solet
1357 1996 1576 2029 constituere.

1029 2050 1089 2078 103
1115 2047 1262 2086 Metonis]
1306 2047 1463 2077 Arachne
1494 2044 1612 2086 Lydia,
1637 2044 1681 2076 de

987 2105 1053 2136 qua
1068 2106 1181 2136 supra.

1030 2148 1091 2176 104
1115 2145 1273 2185 Europen]
1319 2144 1428 2176 Quam
1454 2143 1619 2184 Agenoris
1645 2142 1684 2174 fi-

987 2195 1066 2225 liam
1091 2206 1193 2235 supra
1216 2195 1249 2225 in
1274 2196 1419 2225 Taurum
1443 2199 1609 2225 mutatum
1625 2193 1684 2225 Jo-

989 2254 1063 2275 vem
1081 2247 1230 2285 rapuisse
1247 2250 1282 2276 et
1303 2246 1336 2275 in
1364 2245 1503 2276 Cretam
1528 2244 1683 2275 avexisse

988 2295 1139 2334 legimus.

1033 2347 1093 2374 108
1116 2345 1274 2386 Asterim]
1298 2345 1374 2375 Fuit
1395 2344 1467 2375 haec
1491 2343 1564 2374 Coei
1590 2343 1684 2374 Tita-

989 2393 1040 2422 nis
1065 2393 1146 2433 filia,
1168 2404 1279 2434 quani,
1305 2394 1454 2424 Deorum
1469 2392 1685 2423 miseratione

988 2443 1021 2473 iu
1037 2445 1244 2474 coturnicem
1261 2449 1437 2483 mutatam,
1451 2442 1588 2483 Jupiter
1605 2446 1686 2474 aute

989 2497 1131 2523 amatam
1148 2493 1211 2524 sub
1227 2494 1347 2534 aquilae
1360 2492 1470 2524 forma
1485 2492 1611 2532 rapuit.

1031 2545 1093 2572 109
1119 2543 1272 2582 olorinis]
1299 2543 1394 2575 Jovis
1411 2542 1444 2572 in
1460 2551 1602 2582 cycnum
1616 2551 1686 2573 mu-

989 2593 1064 2631 tati,
1080 2593 1136 2633 qui
1161 2598 1199 2623 ut
1227 2593 1351 2624 Ledam
1373 2592 1521 2633 Tyndari
1545 2601 1684 2623 uxorem

989 2644 1130 2674 violaret
1161 2654 1233 2675 eam
1259 2643 1400 2675 formam
1429 2643 1578 2675 induisse
1601 2642 1686 2674 dici-

990 2697 1067 2731 tur3
1091 2703 1191 2733 quam
1217 2693 1363 2725 fabulam
1384 2702 1497 2735 supra,
1525 2701 1593 2724 non
1616 2701 1684 2723 uno

989 2742 1078 2783 loco,
1091 2741 1244 2774 vidimus.
