1831 3023
193 186 307 228 1376

677 199 720 229 P.
753 194 911 227 ovml'l
946 195 1160 227 NASONIS

191 291 416 342 Alcmene,
437 293 510 334 flet
524 297 565 334 et
584 293 685 347 ipsa
704 295 871 333 tamen:
904 291 1172 343 compescuit
1192 302 1361 331 omnem

192 359 285 400 Res
304 373 418 400 nova
439 361 682 401 tristitiam:
718 371 815 398 nam
836 358 980 397 limine
1001 358 1191 398 constitit
1214 357 1301 397 alto

197 426 328 467 Paene
349 440 469 479 puer,
489 426 707 478 dubiaque
730 430 876 474 tegens
896 423 1099 475 lanugine
1121 424 1262 465 malas

192 493 283 534 Ora
302 494 559 534 reformatus
580 492 750 543 primos
772 489 924 529 Iolaus
946 489 991 528 in
1011 501 1166 531 annos.

419 687 536 728 ΕΑΒ.
568 684 706 728 VIII.

767 683 1012 727 Callirhoes
1032 687 1109 729 filii
1130 689 1175 730 in
1194 689 1223 731 J
1227 702 1408 732 avenes.

191 797 404 828 estimans
422 793 562 825 Acheloi
578 794 683 825 amnis
700 793 767 824 filia
786 793 1002 835 Alcmaeonis,
1015 795 1071 836 qui
1087 801 1240 829 materno
1257 799 1420 838 sanguine
1437 807 1590 838 aspersus
1605 796 1639 828 in

232 847 458 880 Acarnaniam
487 856 522 877 se.
545 847 754 885 contulerat,
784 852 821 877 ut
847 847 1054 887 expiaretur,
1080 849 1274 888 eonjugium
1300 851 1387 881 iniit.
1432 851 1484 881 Ex
1512 849 1642 880 duabus

233 902 407 933 Alcmaeon
424 899 509 931 filios
523 899 651 930 edidit:
678 900 824 940 quicum
843 909 903 940 per
930 899 1095 931 fallaciam
1115 911 1133 931 a
1150 902 1301 941 Phegeo,
1325 903 1419 943 cujus
1445 908 1524 934 ante
1540 902 1643 933 filiam

232 955 410 991 habuerat,
436 957 526 984 esset
553 954 708 991 occisus;
744 954 833 993 petit
860 953 1027 985 Callirhoe
1057 963 1076 984 a
1102 954 1191 986 Jove
1215 955 1330 985 liberis
1356 956 1433 993 suis,
1448 960 1485 986 ut
1512 955 1642 986 ultores

234 1007 339 1048 patris
353 1010 479 1043 essent,
495 1015 599 1036 annos
617 1005 792 1046 adjiceret.
830 1007 922 1046 Ergo
938 1011 976 1037 ut
993 1006 1026 1036 id
1042 1008 1200 1048 consequi
1217 1013 1366 1049 possent,
1384 1009 1452 1039 Dei
1469 1008 1642 1040 voluntate

234 1070 276 1092 ex
294 1059 441 1100 pueritia
456 1059 489 1089 in
506 1058 739 1090 adolescentes
755 1059 882 1090 factum
900 1065 950 1091 est
969 1065 1004 1091 ut
1019 1060 1196 1092 cederent.

193 1144 257 1200 I'I
263 1173 320 1202 oc
341 1162 406 1202 illi
427 1161 608 1202 dederat
628 1161 657 1202 J
662 1162 825 1203 unonia
845 1162 1035 1202 muneris
1057 1162 1209 1212 Hebe,

1558 1161 1643 1201 400

190 1229 328 1270 Victa
349 1231 429 1269 viri
450 1230 673 1283 precibus.
735 1228 847 1279 Quae
870 1242 973 1269 cum
987 1230 1137 1283 jurare
1155 1222 1328 1284 para'ret

192 1295 324 1337 Dona
344 1296 599 1337 tributuram
621 1297 806 1349 posthac
827 1310 875 1337 se
897 1297 1006 1337 talia
1022 1297 1155 1347 nulli3

193 1363 298 1404 Nou
316 1369 386 1403 est
407 1376 539 1416 passa
560 1364 758 1404 Themis.

820 1363 937 1404 Nam
950 1363 1042 1417 jam
1066 1364 1287 1404 discordia
1306 1365 1473 1405 Thebae

193 1430 322 1470 Bella
337 1434 526 1479 movent,
548 1429 673 1480 dixit,
698 1429 1020 1483 Capaneusque
1041 1431 1128 1470 nisi
1147 1431 1203 1470 ab
1219 1430 1335 1471 Jove
1357 1431 1473 1471 vinci

188 1549 298 1589 pollice
312 1550 444 1589 admoto,
467 1554 497 1580 et
523 1550 591 1590 ipsa
617 1554 718 1581 tamen
742 1551 942 1591 lacrymatur,
965 1560 1016 1581 res
1029 1561 1107 1581 nova
1132 1551 1280 1582 submovit
1306 1559 1423 1580 omnem
1445 1549 1642 1580 moestitiam.-

191 1601 320 1632 namque
336 1592 440 1622 Iolaus
452 1594 669 1632 propemodum
683 1593 926 1624 adolescentulus
940 1592 1042 1624 velans
1063 1593 1209 1623 maxillas
1231 1593 1348 1623 incerta
1368 1592 1524 1632 lanugine,
1545 1593 1647 1623 vultus

187 1633 301 1664 habens
315 1635 474 1664 restitutos
484 1636 515 1664 in
528 1635 642 1673 primos
658 1644 752 1664 annos
767 1644 831 1664 sese
847 1635 959 1665 obtulit
973 1637 1013 1665 ad
1029 1636 1162 1665 excelsas
1169 1635 1267 1671 sore&

234 1684 315 1706 vm.
341 1675 428 1706 Hebe
441 1676 592 1715 Junonia,
608 1676 737 1715 pellecta
750 1677 889 1715 precibus
905 1676 1024 1714 mariti,
1038 1677 1086 1706 illi
1098 1676 1273 1716 praebuerat
1287 1676 1341 1706 hoc
1357 1676 1532 1716 beneficium
1544 1686 1555 1712 ‚·
1577 1686 1644 1715 quae

190 1727 259 1747 cum
272 1717 362 1747 vellet
372 1720 561 1749 sacramento
575 1728 637 1748 sese
649 1718 855 1756 obstringere,
870 1728 902 1748 se
914 1718 989 1748 nulli
999 1718 1203 1758 proebitaram
1213 1718 1339 1758 posthac
1351 1717 1498 1756 ejusmodi
1509 1727 1650 1756 manera,

195 1759 320 1790 Themis
334 1769 393 1790 non
408 1759 492 1792 sivit.
536 1759 699 1799 NamJ‘am
716 1759 838 1800 Theboe,
850 1761 964 1801 inquit,
980 1762 1061 1792 cient
1077 1761 1152 1792 bella
1168 1760 1340 1791 discordia:
1363 1763 1393 1791 et
1412 1760 1572 1800 Capaneus
1585 1768 1647 1791 non

803 1845 917 1856 eeeeee

921 1845 1036 1857 eeeeee

185 1898 255 1939 jori
281 1907 324 1930 ex
345 1902 444 1938 parte
460 1898 611 1929 mirabile.
645 1898 764 1930 Heius.
790 1898 909 1929 mallet
926 1898 1033 1936 fatum
1056 1898 1314 1930 mirabile—397
1338 1898 1487 1929 Berolin.
1509 1903 1580 1928 nam
1603 1898 1649 1928 lu·

192 1942 391 1972 mine.-—398
413 1941 542 1972 Thuan.
560 1941 653 1972 Forte
665 1950 752 1981 puer.
776 1940 955 1980 Dubiasque
971 1941 1173 1973 alius—402
1197 1941 1334 1972 Posthac
1349 1950 1390 1970 ex
1408 1940 1453 1971 N.
1470 1949 1538 1970 sec.
1551 1940 1646 1970 Med.

195 1988 231 2014 et
247 1993 312 2014 uno
328 1982 424 2015 Leid.
439 1984 528 2024 vulg.
547 1987 615 2024 post
638 1983 734 2014 hunc.-
758 1983 815 2013 alii
831 1983 983 2014 nonnulli
1001 1987 1072 2024 post
1088 1983 1269 2015 hoza—404
1293 1983 1342 2014 Fl.
1368 1982 1403 2013 S.
1427 1981 1538 2012 Marci
1563 1981 1646 2012 Bell.

847 2065 990 2097 NOTAE

237 2131 300 2160 398
324 2129 449 2170 Dubia]
473 2129 583 2163 Quam
599 2130 655 2161 vix
681 2138 757 2161 esse
777 2128 895 2160 crede-

194 2188 262 2218 res,
277 2180 324 2211 ita
341 2180 521 2220 primulum
539 2180 737 2220 apparebat.

237 2232 300 2260 399
335 2229 456 2268 Iolaus]
491 2229 556 2261 Qui
586 2228 709 2268 Iphicli
738 2227 895 2258 Herculis

193 2277 306 2310 fratris
323 2277 387 2310 fuit
403 2278 502 2317 filius,
527 2278 603 2309 ideo
625 2277 772 2318 juvenili
799 2277 894 2308 aetati

194 2328 387 2365 restitutus,
421 2328 509 2369 quod
549 2328 582 2358 in
617 2331 755 2358 senecta
789 2328 895 2358 multa

195 2378 335 2419 egregia
349 2377 503 2409 facinora
520 2378 731 2418 praestiterit.

237 2430 300 2459 400
313 2427 418 2467 Hebe]
434 2428 518 2460 Quae
531 2428 675 2460 Junonis
689 2427 896 2467 filia,juven-

196 2476 280 2508 tutis
296 2478 385 2516 Dea,
400 2477 534 2509 Junone
556 2477 657 2508 etiarn
675 2477 896 2516 assentiente,

196 2526 341 2558 Herculi
375 2526 409 2556 in
443 2527 563 2557 coelum
595 2532 735 2566 recepto
768 2527 893 2566 nupsit.

195 2576 364 2617 Apposite
381 2576 550 2617 profecto,
570 2576 736 2617 siquidem
760 2575 894 2606 fortitu-

197 2626 297 2666 dinis,
313 2636 411 2668 quam
430 2636 490 2667 per
513 2627 696 2658 Herculem
713 2626 895 2666 significari

197 2677 390 2715 voluerunt,
405 2686 517 2708 comes
535 2686 609 2707 esse
626 2677 711 2708 solet
722 2676 896 2717 juventus.

238 2729 301 2758 402
327 2727 429 2767 Talia]
453 2728 500 2758 Ut
517 2727 706 2769 quempiam
719 2726 895 2767 Juvcntuti

950 2129 1158 2162 restitueret.

990 2182 1053 2209 403
1079 2179 1214 2220 Themis]
1235 2179 1385 2211 Justitiae
1398 2180 1488 2218 Dea,
1501 2188 1576 2220 quae
1593 2177 1646 2210 fas

942 2227 1055 2269 jubet,
1084 2228 1176 2260 nefas
1207 2233 1311 2269 vetat,
1338 2229 1422 2258 nihil
1446 2228 1647 2268 impunitum

949 2278 1043 2316 sinit,
1060 2279 1222 2310 vaticiniis
1237 2283 1273 2309 et
1290 2278 1442 2318 religioni
1459 2283 1596 2318 praeest.

994 2328 1094 2368 Nam]
1132 2329 1243 2360 Multa
1271 2327 1479 2359 vaticinatur
1509 2326 1647 2358 Themis

949 2389 1024 2420 quae
1052 2377 1167 2409 futura
1193 2383 1304 2416 erant,
1330 2382 1368 2409 ut
1395 2377 1435 2408 ad
1453 2386 1522 2407 rem
1539 2376 1648 2417 possit

950 2428 1178 2468 descendere3
1208 2429 1302 2469 cujus
1330 2437 1431 2459 causa
1452 2438 1472 2458 a
1496 2425 1647 2467 jurando

950 2478 1073 2508 Heben
1091 2478 1335 2514 absterruerat,
1358 2478 1367 2494 ‘
1386 2478 1486 2508 Dona
1501 2475 1648 2507 tributu-

950 2537 1020 2558 ram
1038 2529 1176 2567 posthac
1194 2538 1228 2558 se
1247 2528 1328 2559 talia
1344 2528 1425 2558 nulli
1438 2527 1458 2558 ε’
1475 2531 1513 2557 ut
1528 2525 1648 2557 lectori

950 2577 992 2608 ad
1009 2588 1141 2609 versum
1158 2588 1262 2619 usque
1278 2581 1351 2610 416.
1369 2583 1448 2608 aute
1469 2576 1649 2617 pervenire

950 2632 1123 2667 oporteat,
1149 2637 1249 2669 quam
1278 2627 1364 2658 Deae
1394 2636 1532 2668 scopum
1559 2632 1648 2656 asse-

950 2681 1085 2718 quatur.

992 2729 1055 2758 404
1074 2726 1217 2766 Movent]
1242 2725 1409 2758 Auctores
1424 2725 1496 2767 ejus
1510 2724 1647 2758 fuerunt
