1831 3023
222 202 336 244 1134
704 215 745 245 P.
778 215 936 245 ovum
970 215 1183 247 NASONJS

221 307 404 362 Excipit
423 308 610 350 Uranie:
643 309 945 364 Quaecumque
970 316 1035 352 est
1056 325 1194 353 causa
1211 310 1386 353 videndi
1583 311 1669 353 260

223 376 324 417 Has
341 377 437 426 tibi,
462 377 595 427 Diva,
618 377 790 427 domos,
813 379 956 418 animo
978 380 1226 431 gratissima
1245 384 1395 420 nostro
1418 391 1479 418 es.

221 443 340 484 Vera
358 447 498 485 tamen
519 444 638 485 fama
653 448 747 485 est:
778 449 820 485 et
839 445 1036 497 Pegasus
1058 447 1188 500 hujus
1211 447 1332 498 origo

222 509 404 552 Fontis:
434 515 476 551 et
497 512 552 551 ad
572 512 726 551 latices
746 510 928 551 deducit
948 511 1135 553 Pallada
1154 526 1321 554 sacros,

223 576 337 627 Quae
357 579 514 618 mirata
533 578 609 618 diu
629 578 770 618 factas
791 578 915 630 pedis
936 579 1098 620 ictibus
1118 581 1273 630 undas,

222 645 455 699 Sylvarum
475 645 598 686 lucos
621 645 919 699 circumspicit
940 647 1239 699 antiquarum3
1587 646 1673 688 265

221 712 464 766 Antraque,
487 717 530 753 et
549 714 784 753 innumeris
806 712 1036 754 distinctas
1058 715 1241 755 fioribus
1262 716 1445 756 herbas:

223 780 481 833 Felicesque
503 785 635 821 vocat
654 781 817 833 pariter
837 780 1060 834 studiique
1081 782 1258 835 locique

222 847 528 888 Mnemonidas
545 861 555 898 ;
588 860 721 900 quam
742 847 806 888 sic
830 847 963 889 affata
983 853 1052 889 est
1071 862 1156 889 una
1177 862 1371 891 sororum
1390 863 1399 890 :

222 913 277 964 Ο,
296 915 384 954 nisi
401 917 442 955 te
462 914 600 954 virtus
622 927 755 967 opera
773 913 830 954 ad
850 914 1019 968 majora
1040 916 1227 965 tulisset,

221 981 274 1021 In
294 986 461 1034 partem
480 985 664 1023 ventura
685 982 804 1022 chori
825 982 1024 1022 Tritonia
1043 982 1196 1031 nostri,
1590 981 1675 1024 270

220 1045 340 1087 Vera
360 1047 519 1098 refers;
552 1049 789 1101 meritoque
809 1049 972 1102 probas
993 1052 1194 1101 artesque
1213 1048 1474 1102 locumque:

221 1113 277 1154 Et
296 1118 467 1166 gratam
488 1118 660 1163 sortem,
681 1117 786 1154 tutae
807 1114 939 1154 modo
961 1115 1114 1164 simus,
1134 1115 1359 1155 habemus.

221 1180 307 1221 Sed
325 1178 529 1233 (vetitum
547 1183 612 1219 est
633 1179 742 1218 adeo
759 1180 911 1219 sceleri
930 1178 1058 1231 nihil)
1078 1180 1223 1219 omnia
1239 1184 1392 1220 terrent

221 1246 451 1300 Virgineas
471 1249 658 1286 mentes:
689 1245 894 1299 dirusque
915 1249 1013 1286 ante
1034 1258 1111 1286 ora
1133 1245 1361 1299 Pyreneus

220 1404 338 1436 exoravi
350 1405 498 1444 sanguine
512 1404 632 1435 matris.
681 1404 801 1435 Urania
815 1405 997 1444 respondet:
1031 1404 1234 1444 Quaecumque
1258 1407 1303 1434 est
1329 1404 1387 1435 tibi
1409 1414 1500 1435 caasa
1529 1405 1676 1437 cernendi

221 1448 277 1478 has
300 1448 396 1487 sedes,
420 1447 516 1487 Dira,
544 1457 574 1478 es
599 1447 810 1486 acceptissima
834 1450 936 1477 nostro
963 1447 1077 1478 animo.
1125 1447 1271 1477 Ceteram
1290 1447 1468 1477 indubitata
1491 1451 1538 1478 est
1564 1447 1652 1486 fama
1665 1458 1675 1483 ;

220 1493 312 1530 atque
346 1491 483 1528 Pegasus
511 1494 563 1520 est
592 1499 683 1519 causa
710 1489 800 1527 hujus
819 1488 944 1526 sontis.-
969 1492 997 1519 et
1021 1489 1163 1528 perducit
1189 1489 1367 1519 Minervam
1397 1491 1437 1519 ad
1452 1499 1556 1520 sacras
1570 1499 1678 1530 aquas.

224 1533 303 1567 Quae
318 1532 373 1562 diu
387 1532 541 1563 admirata
565 1541 659 1572 aquas
678 1533 801 1562 eductas
814 1541 957 1571 percussa
968 1532 1065 1571 pedis,
1083 1532 1310 1562 circumlustrat
1328 1533 1409 1562 lucos
1425 1542 1580 1563 nemorum
1594 1533 1677 1562 anti—

221 1584 363 1615 quorum,
385 1579 415 1605 et
434 1576 603 1614 speluncas,
626 1577 655 1604 et
668 1575 814 1612 gramina
830 1577 979 1604 exornata
995 1575 1162 1604 innumeris
1168 1573 1326 1614 floribus:
1348 1578 1377 1604 et
1393 1574 1470 1604 dicit
1486 1575 1590 1605 beatas
1606 1574 1678 1605 Me-

222 1617 328 1648 moriae
334 1617 427 1658 filias
441 1618 537 1657 quoad
554 1618 638 1646 sedes
664 1620 694 1646 et
722 1617 836 1646 stadia.
883 1616 984 1651 Quam
1006 1617 1050 1646 sic
1073 1620 1118 1646 est
1141 1617 1271 1646 allocuta
1292 1626 1353 1646 una
1375 1626 1535 1653 sororum,
1530 1628 1537 1636 ·
1564 1617 1593 1647 Ο
1612 1617 1681 1647 Tri-

221 1661 306 1690 tonia
335 1669 489 1690 accessura
516 1659 548 1689 in
572 1663 693 1698 partem
713 1659 810 1688 nostri
829 1662 932 1697 coctas,
953 1658 1014 1688 nisi
1038 1658 1134 1688 virtus
1154 1660 1309 1697 genuisset
1335 1662 1366 1688 te
1387 1660 1425 1689 ad
1452 1659 1580 1698 maiora,
1602 1668 1679 1689 vera

218 1702 394 1741 praedicas;
420 1705 449 1732 et
474 1702 547 1739 jare
574 1702 682 1731 laudas
703 1704 734 1730 et
759 1701 864 1731 studia
886 1703 915 1731 et
937 1702 1039 1731 sedes:
1063 1704 1094 1731 et
1117 1701 1289 1731 conditione
1303 1700 1446 1738 fruimur·
1468 1703 1567 1738 lauta,
1589 1702 1677 1732 morlo

220 1744 315 1774 simus
336 1744 624 1775 secaroe.le1um
648 1743 764 1782 (usque
788 1744 862 1773 adeo
886 1743 965 1772 nihil
994 1745 1038 1773 est
1061 1743 1252 1782 prohibitum
1281 1743 1449 1782 nequitiae)
1479 1744 1582 1774 omnia
1607 1746 1678 1774 sant

217 1786 326 1826 putori
341 1786 492 1825 virgineis
506 1785 637 1816 anzmis:
663 1788 754 1824 atque
775 1785 908 1815 crudelis
932 1785 1091 1825 Pyreneus
1117 1785 1294 1816 obversatur
1308 1786 1416 1825 oculis,
1439 1788 1471 1815 et
1491 1786 1624 1816 nondum
1638 1786 1679 1816 ad

830 1870 1062 1881 mmm

222 1925 314 1957 Med.
329 1929 540 1973 quatuorque
557 1924 647 1962 aliis;
671 1924 760 1964 vulg
767 1924 901 1961 factam.
904 1928 1011 1956 -260
1034 1925 1156 1955 Heius.
1179 1935 1272 1965 qaoec.
1290 1933 1324 1954 ea
1340 1933 1406 1954 cau.
1409 1924 1513 1953 —261
1538 1923 1580 1953 In
1595 1922 1678 1960 duo-

223 1968 284 1998 bus
297 1969 340 1998 V.
359 1972 419 1997 et
411 1967 482 1997 ‘iliis
505 1970 608 1996 nostro
623 1969 678 1997 est.
715 1967 830 1997 Heius.
856 1968 989 1998 emend.
1016 1977 1047 1997 es
1105 1967 1203 2006 Saepe
1230 1968 1333 1996 etiam
1365 1965 1488 2004 legitur
1515 1965 1609 1995 anim.
1633 1968 1680 1996 est

220 2013 305 2048 grat.
321 2012 433 2040 nostro.
437 2011 541 2039 —264
566 2009 610 2038 Ο.
626 2009 680 2038 diu
698 2007 832 2045 fractas.
855 2009 950 2039 Unus
968 2009 1087 2039 Heius.
1103 2008 1210 2045 factas
1221 2009 1299 2048 pede
1310 2007 1457 2047 praepetis
1471 2008 1543 2037 und.
1567 2006 1677 2038 Gron.

218 2052 309 2092 pedis
323 2051 483 2090 unguibus.
487 2053 591 2082 —267
616 2049 685 2080 Alii
709 2051 840 2081 malunt
863 2053 1023 2090 studioque
1048 2052 1177 2090 locoque.
1179 2053 1285 2081 -268
1309 2049 1401 2080 Olim
1426 2048 1525 2079 edeb.
1550 2049 1683 2081 Maeoni·

221 2093 797 2130 das:vett.Codd.]}1emnonidas;
835 2093 923 2123 unde
955 2092 1075 2123 Heius.
1105 2102 1192 2123 corr.
1217 2092 1455 2127 Illnemonidas;
1488 2095 1524 2122 et
1539 2091 1586 2122 sic
1603 2095 1677 2132 opt.

224 2137 382 2167 F1—269
404 2135 485 2166 Jun.
512 2139 547 2165 et
573 2144 631 2165 sex
657 2135 714 2164 alii
742 2134 812 2173 maj.
839 2138 984 2165 vocasset.
988 2138 1092 2166 —271
1118 2135 1276 2174 Plerique
1292 2133 1397 2173 antiq.
1422 2136 1571 2174 artesque.
1586 2133 1678 2175 vulg.

222 2180 494 2218 artemque—274
516 2177 557 2208 In
575 2181 658 2208 vett.
675 2177 749 2208 libr.
767 2177 820 2208 hic
833 2181 868 2207 et
882 2177 963 2207 alias
981 2177 1143 2208 scribitur
1158 2177 1456 2217 Himeraeus—275
1482 2176 1524 2207 In
1542 2176 1678 2217 quibus-

871 2273 904 2304 N
909 2272 1011 2305 OTAE

223 2369 298 2392 cum
315 2369 357 2390 ex
376 2358 528 2390 Medusae
555 2356 716 2398 sanguine
740 2356 772 2387 in
795 2360 919 2387 terram
974 2355 1103 2387 felices.

221 2411 372 2451 delapso,
392 2414 489 2440 natus
511 2413 563 2439 est
584 2409 743 2448 Pegasus,
759 2416 818 2438 nos
841 2416 920 2447 quo·
1015 2409 1077 2436 269
1089 2405 1229 2446 Major-a]
1245 2404 1501 2445 Sapientissime
1514 2405 1677 2436 virtutem

222 2471 288 2503 que
304 2466 406 2492 antea
417 2460 570 2490 vidimus.
975 2465 1074 2495 supra
1099 2456 1275 2486 scientiam
1304 2455 1438 2486 extollit
1465 2455 1577 2495 Musa,
1600 2465 1676 2496 quae

263 2512 326 2542 260
353 2509 484 2549 Uranie]
513 2510 596 2541 Quae
611 2509 785 2539 Musarum
802 2516 877 2537 una.
975 2515 1041 2536 non
1058 2506 1157 2536 aliter
1180 2506 1254 2546 ipsa
1270 2504 1402 2546 sapiens
1425 2508 1478 2536 est
1502 2514 1564 2535 nec
1581 2504 1679 2547 felix,

263 2563 327 2592 268
350 2558 580 2598 Mnemonidas]
589 2559 718 2598 Musas,
730 2557 920 2596 Mnemosy-
975 2565 1073 2596 quam
1090 2556 1169 2596 quia
1185 2555 1227 2586 ad
1244 2556 1404 2587 virtutem
1421 2559 1567 2596 spectat.

222 2620 281 2643 nes
311 2610 480 2651 nymphae,
510 2619 570 2640 seu
593 2608 705 2648 potius
731 2607 921 2646 Memoriae,
1016 2607 1078 2635 272
1126 2604 1212 2635 Tutoe
1243 2604 1344 2644 modo]
1393 2605 1556 2645 Cogitent
1584 2603 1675 2636 istud

224 2662 329 2699 filias3
366 2670 459 2701 quas,
489 2665 527 2690 ut
557 2659 636 2690 satis
668 2667 837 2698 superque
866 2656 922 2688 de·
975 2655 1157 2695 principes,
1173 2656 1230 2695 qui
1252 2655 1370 2685 saltem
1386 2664 1428 2685 ex
1445 2654 1625 2696 sapientia,
1639 2658 1676 2686 et

223 2714 413 2741 monstrant
424 2709 567 2750 paucula
576 2707 740 2746 Palladis,
752 2717 810 2738 seu
828 2707 921 2746 sapi·
973 2706 1148 2736 Musarum
1161 2705 1318 2745 scientia,
1326 2704 1437 2735 omnia
1452 2703 1557 2736 fluere
1569 2704 1675 2736 homi-

224 2758 562 2801 entiae‚verba‚haud
572 2757 741 2789 immerito
751 2757 824 2798 ipsa
837 2756 921 2789 dicit
971 2754 1071 2786 nibus
1086 2755 1251 2787 bonorum
1267 2763 1392 2796 genera
1407 2753 1612 2787 didicerunt.
