1831 3023
204 184 320 225 1396
697 198 738 228 P.
771 197 928 228 ovmn
962 198 1173 229 NAsouis

207 292 430 342 Protinus,
452 295 499 333 ut
518 295 641 334 secto
660 294 802 347 pieeae
824 294 876 334 de
898 294 1059 334 cortice
1080 297 1228 346 guttae,

213 358 323 400 Utve
344 362 479 399 tenax
500 359 683 411 gravida
702 364 848 399 manat
868 360 1023 399 tellure
1043 362 1233 401 bitumen
1251 373 1262 408 ;

207 425 326 466 Utve
348 427 430 466 sub
453 426 682 466 adventum
705 426 912 477 spirantis
931 426 1028 466 lene
1050 427 1217 468 Favoni
1569 425 1664 468 660

206 493 309 533 Sole
330 492 598 539 remollescit,
621 503 721 542 quae
742 490 898 542 frigore
919 494 1120 534 constitit
1140 494 1278 534 unda:

206 560 281 599 Sic
302 557 508 609 lacrymis
530 559 761 597 consumta
780 558 870 598 suis
893 557 1106 600 Phoebeia
1128 561 1282 613 Byblis

204 624 399 664 Vertitur
418 624 463 663 in
483 622 660 672 fontem,
683 623 758 677 qui
780 637 894 664 nunc
915 639 1088 679 quoque
1108 628 1295 668 vallibus
1313 626 1401 667 illis

205 690 382 731 Nomen
401 689 533 731 habet
553 690 739 732 dominae
756 704 766 742 ;
797 691 1005 745 nigraque
1024 694 1105 734 sub
1127 694 1228 735 ilice
1248 697 1408 735 manat.

450 886 565 928 ΕΑΒ.
597 887 664 928 X.
727 887 854 941 Iphis
875 901 931 929 ex
951 888 1129 941 Virgine
1145 891 1189 930 in
1207 891 1411 932 Puerum.

204 1009 375 1039 Puffisros
402 1012 455 1040 est
481 1009 643 1050 oppidum
667 1009 700 1040 in
723 1009 830 1040 insula
857 1011 972 1042 Creta.
1024 1010 1091 1041 Hic
1116 1011 1241 1051 Ligdus
1269 1020 1441 1051 generosae
1463 1010 1591 1051 stirpis,
1614 1021 1653 1042 ac

248 1063 442 1102 praestantis
457 1062 549 1099 fidei,
567 1073 641 1094 cum
659 1064 817 1104 petiisset
832 1074 851 1094 a
867 1064 1051 1096 Telethusa
1063 1065 1218 1105 conjuge,
1234 1069 1283 1103 ut,
1300 1065 1325 1094 si
1341 1064 1487 1104 puellam
1505 1067 1656 1104 pareret,

246 1119 403 1153 necaret3
428 1116 453 1146 si
472 1125 612 1156 puerum
636 1121 761 1155 autem,
778 1117 927 1147 sobolem
953 1117 1072 1156 patriae
1089 1122 1261 1154 servaret;
1285 1122 1319 1147 et
1337 1120 1481 1157 uterque
1497 1125 1559 1156 pro
1575 1125 1655 1147 casu

247 1168 361 1200 futuro
387 1169 553 1210 lacrymas
571 1169 877 1210 dedissent‚mater
897 1169 1062 1210 nequiens
1088 1167 1209 1200 afferre
1230 1178 1344 1200 manus
1361 1168 1452 1208 filiae,
1479 1168 1603 1200 Isidem
1621 1169 1656 1200 in
1712 1176 1714 1178 '

246 1221 341 1253 malis
365 1222 483 1254 habuit
508 1224 654 1254 auxilio:
691 1223 783 1263 cujus
812 1222 971 1263 pollicitis
999 1223 1057 1253 illa
1084 1221 1246 1254 infantem
1275 1232 1336 1262 pro
1364 1232 1483 1263 puer0‚
1507 1222 1655 1263 decepto

246 1279 345 1315 patre
371 1275 431 1306 filii
457 1276 627 1316 opinione,
653 1276 819 1307 nutrivit..
853 1277 1006 1317 Namque
1034 1286 1108 1307 cum
1136 1282 1218 1307 aetas
1245 1280 1377 1307 matura
1399 1275 1526 1316 nuptiis
1547 1275 1655 1306 incre·

247 1328 363 1366 visset,
380 1328 463 1358 nihil
483 1328 657 1368 suspicans
684 1333 794 1368 pater,
821 1329 1002 1360 obstrictus
1017 1329 1085 1360 fide
1113 1329 1279 1370 conjugis,
1305 1329 1449 1360 Ianthen
1464 1339 1504 1359 ex
1520 1329 1654 1359 Teleste

247 1380 396 1419 genitam
414 1380 605 1419 despondit.
651 1382 716 1413 Qui
732 1383 822 1412 inter
838 1392 874 1413 se
891 1392 969 1413 cum
995 1383 1089 1423 gravi
1117 1392 1229 1413 amore
1247 1387 1492 1422 premerentur,
1509 1382 1654 1413 maxime

246 1432 340 1473 Iphis
356 1431 434 1474 (hoc
451 1433 538 1463 enim
555 1438 653 1473 pater
678 1434 811 1464 nomine
838 1435 892 1464 avi
917 1444 993 1465 eum
1021 1435 1135 1466 vocari
1158 1435 1327 1475 voluerat)
1351 1435 1546 1475 trepidante
1571 1444 1653 1475 ergo

246 1490 366 1525 matre,
382 1495 423 1516 ne
442 1486 533 1525 Iphis
556 1487 668 1527 puella
693 1496 768 1517 cum
793 1487 929 1518 infamia
953 1488 1175 1528 reperiretur,
1200 1489 1317 1519 eadem
1333 1489 1410 1519 Dea
1425 1486 1490 1518 fuit
1515 1487 1652 1519 auxilio.

248 1539 337 1570 Nam
355 1543 390 1569 ut
410 1539 489 1570 totis
503 1539 631 1579 nuptiis
641 1540 756 1580 jugari
773 1545 922 1580 possent,
939 1541 1038 1581 Iphin
1055 1541 1087 1571 in
1104 1550 1243 1581 puerum
1261 1539 1526 1581 transfiguravit.

204 1638 368 1694 FAMA
390 1653 492 1692 novi
513 1654 683 1692 centum
701 1651 896 1692 Cretaeas
916 1652 1096 1692 forsitan
1115 1653 1245 1693 urbes
1569 1654 1655 1696 665

205 1720 439 1773 Implesset
459 1720 639 1760 monstri
657 1733 667 1770 3
700 1719 738 1759 si
755 1731 844 1759 non
864 1719 1075 1759 miracula
1095 1732 1231 1773 nuper

206 1786 362 1840 Iphide
381 1790 549 1827 mutata
570 1786 700 1827 Crete
722 1787 926 1841 propiora
950 1787 1136 1827 tulisset.

203 1930 413 1972 piceoefluunt
428 1933 466 1963 de
479 1933 591 1963 cortice
606 1933 708 1972 scisso,
723 1934 770 1963 rel
779 1934 969 1970 glutinosum
984 1933 1121 1964 bitumen
1135 1942 1174 1963 ex
1186 1935 1269 1963 terra
1283 1932 1413 1972 tumida,
1424 1931 1471 1962 rel
1484 1941 1574 1972 aqua,
1587 1942 1656 1972 quae

207 1974 398 2012 conglaciato
408 1979 454 2005 est
460 1974 598 2014 frigore,
614 1976 752 2015 liquescit
763 1976 833 2006 Sole
843 1976 898 2005 sub
911 1978 1075 2006 adventum
1087 1976 1218 2006 Favonii
1226 1974 1336 2005 leniter
1338 1974 1474 2014 flantis;
1487 1974 1532 2003 sic
1543 1974 1656 2015 Byblis

208 2015 356 2046 Phoebeia
371 2018 523 2048 exhausta
537 2018 600 2047 suis
619 2018 764 2058 lacrymis
789 2022 924 2048 mutatur
939 2018 970 2047 in
983 2017 1115 2057 fontem,
1130 2017 1183 2057 qui
1206 2017 1296 2047 hodie
1318 2017 1412 2047 eliam
1432 2015 1521 2046 habet
1546 2026 1654 2048 nomen

209 2056 340 2087 domina>
354 2058 387 2088 in
402 2059 465 2089 illis
479 2060 618 2098 callibus,
633 2060 806 2100 atquefluit
820 2060 875 2089 sub
885 2063 956 2089 alra
968 2069 1089 2098 quercu.

251 2106 291 2129 x.
318 2099 413 2130 Fama
438 2102 567 2131 recentis
589 2102 728 2140 prodigii
749 2101 933 2141 implevisset
960 2101 1048 2131 urbes
1075 2102 1235 2131 Cretenses
1246 2111 1258 2137 ;
1279 2100 1340 2130 m'si
1366 2100 1471 2131 Creta*
1485 2110 1582 2141 nuper
1605 2105 1653 2133 tu-

205 2141 293 2171 lisset
320 2145 457 2173 monstra
481 2143 625 2183 propiora
655 2144 766 2183 Iphide
793 2146 1012 2174 transmutata.
1056 2144 1141 2173 Nam
1170 2146 1254 2174 terra
1279 2143 1421 2174 Phaestia
1444 2143 1545 2174 vicina
1559 2154 1652 2184 regno

811 2233 1039 2245 emm

208 2299 266 2329 lin.
280 2308 382 2338 gram.
398 2298 496 2335 rivis;
519 2303 553 2330 et
571 2298 729 2331 Heidelb.
757 2300 837 2331 vivis
861 2300 1003 2333 fortasse
1031 2310 1090 2341 pro
1113 2301 1350 2333 eodem—660
1373 2302 1517 2333 Plurimi
1533 2303 1653 2344 scripti

207 2341 262 2371 sub
291 2342 538 2372 adventia—661
564 2342 657 2373 Med.
684 2343 801 2373 remon.
826 2347 1001 2383 qum—663
1026 2344 1098 2375 Pal.
1116 2349 1151 2375 et
1168 2344 1234 2374 duo
1251 2345 1306 2375 alii
1329 2354 1414 2385 quoq.
1431 2345 1552 2386 finibus
1576 2346 1652 2377 illis.

210 2384 270 2416 Pr.
287 2383 328 2416 A.
345 2383 411 2415 duo
428 2384 516 2415 Mor.
535 2383 666 2417 Aruud.
683 2385 768 2416 alter
786 2385 972 2426 Hamburg.
989 2390 1023 2417 et
1044 2396 1128 2418 unus
1144 2386 1263 2419 Heius.
1279 2388 1349 2419 vall.
1366 2387 1555 2419 imis.-667
1578 2388 1653 2420 Mu-

854 2497 994 2530 NOTAE

207 2579 398 2610 ministrare
412 2580 587 2620 lacrymas.
624 2580 744 2622 Neque
761 2581 902 2613 absimili
956 2589 1070 2624 tenax,
1102 2594 1294 2626 quanquam
1322 2584 1494 2626 sulphurei
1524 2584 1651 2626 odoris,

207 2630 341 2661 ratione
367 2640 482 2661 omnes
507 2631 650 2672 denique
675 2631 819 2672 improbi
842 2643 902 2673 pu-
955 2633 996 2663 de
1011 2644 1075 2674 quo
1092 2635 1223 2674 prolixe
1238 2634 1368 2666 Plinius
1383 2643 1497 2667 xxxv.
1514 2637 1565 2668 15.

204 2681 351 2711 nieulur.
996 2687 1057 2714 665
1084 2686 1237 2727 Cretaeas]
1258 2685 1358 2717 Unde
1374 2686 1514 2718 Miletus
1533 2695 1649 2718 exces-

251 2733 314 2761 659
340 2730 499 2771 Bilumen]
533 2731 645 2763 Limus
671 2731 804 2764 videtur
829 2742 902 2765 esse
954 2739 1055 2766 serat.
