1831 3023
185 247 298 290 1160
676 258 715 289 Ρ.
747 256 906 287 ovum
940 254 1152 286 NAsoms

187 352 356 406 Bisque
373 352 534 402 locum,
555 364 643 406 quo
663 365 732 392 me
754 351 853 392 Dea
872 353 1056 400 texerat,
1078 349 1245 390 inscius
1263 347 1422 390 ambit:

187 419 244 460 Et
262 420 347 470 bis,
370 419 424 461 Io
445 419 680 469 Arethusa,
703 419 756 459 Io
776 418 1011 467 Arethusa,
1032 418 1221 459 vocavit.
1553 414 1640 455 625

189 486 309 536 Quid
328 487 434 528 mihi
454 491 555 528 tunc
577 486 709 527 animi
729 485 901 525 miserae
922 485 1036 525 fuit?
1069 498 1177 525 anne
1199 484 1316 538 quod
1340 495 1462 535 agnae
1484 486 1566 532 est,

189 553 330 607 Siqua
348 555 480 607 lupos
502 553 623 594 audit
643 553 806 592 circum
826 550 1000 590 stabula
1015 551 1104 591 alta
1123 551 1385 592 frementes?

189 619 281 661 Aut
302 621 453 674 lepori,
476 621 550 673 qui
568 632 700 673 vepre
719 619 859 660 latens
879 618 1059 658 hostilia
1080 620 1215 658 cernit

191 687 284 728 Ora
305 700 477 738 canum,
499 688 730 740 nullosque
753 686 886 726 audet
906 685 1007 724 dare
1028 697 1206 738 corpore
1227 689 1371 726 motus
1387 687 1406 726 'l

192 754 298 795 Non
317 758 461 795 tamen
482 755 705 796 abscedit:
736 765 878 806 neque
901 752 1017 792 enim
1038 752 1221 804 vestigia
1241 754 1374 793 cernit
1559 751 1644 792 630

193 821 388 874 Longius
408 823 468 863 ire
486 823 668 877 pedum:
701 824 843 862 servat
859 821 1104 873 nubemque
1126 820 1372 874 locumque.

193 888 401 942 Occupat
419 890 629 930 obsessos
650 889 782 929 sudor
801 887 907 928 mihi
926 886 1109 940 frigidus
1130 891 1249 927 artus
1268 900 1278 937 3

194 955 501 1010 Coeruleaeque
521 958 687 998 cadunt
706 960 796 997 toto
820 956 874 996 de
896 968 1078 1008 corpore
1099 957 1247 1006 guttae.

194 1022 382 1076 Quaque
401 1025 555 1077 pedem
576 1025 711 1074 movi,
734 1027 881 1065 manat
899 1024 1049 1064 lacus:
1080 1034 1192 1075 eque
1213 1021 1389 1075 capillis

195 1089 293 1130 Ros
315 1090 435 1130 cadit
452 1095 537 1131 :et
557 1091 700 1141 citius,
722 1103 854 1144 quam
874 1103 987 1130 nunc
1008 1089 1090 1129 tibi
1110 1087 1227 1129 sacta
1246 1099 1440 1136 renarro,
1563 1085 1647 1126 635

195 1155 249 1196 In
269 1156 442 1196 laticem
461 1161 622 1198 mutor.
681 1157 768 1197 Sed
789 1158 900 1197 enim
917 1156 1145 1207 cognoscit
1163 1159 1332 1195 amatas

195 1222 352 1263 Amnis
374 1236 531 1276 aquaS‚
553 1224 787 1276 positoque
806 1224 903 1271 viri,
926 1222 1042 1275 quod
1064 1225 1293 1270 sumserat,
1316 1234 1403 1270 ore,

196 1287 392 1329 Vertitur
413 1290 457 1329 in
478 1291 697 1343 proprias,
719 1293 767 1330 ut
789 1303 836 1330 se
856 1289 961 1329 mihi
981 1289 1180 1338 misceat,
1200 1288 1360 1329 undas.

198 1355 333 1396 Delia
351 1358 510 1409 rumpit
526 1358 719 1397 humum.
782 1356 927 1397 Caecis
947 1368 1028 1408 ego
1047 1368 1190 1396 mersa
1214 1354 1411 1396 cavernis

198 1422 408 1464 Advehor
427 1422 680 1477 Ortygiam:
711 1436 810 1476 quae
834 1436 918 1472 me,
941 1422 1194 1474 cognomine
1212 1422 1342 1463 Divae
1567 1422 1652 1462 640

200 1489 338 1531 Grata
357 1504 485 1540 meae,
506 1504 689 1544 superas
709 1491 861 1531 eduxit
880 1491 1022 1544 prima
1042 1490 1123 1530 sub
1146 1502 1288 1530 auras.

200 1605 318 1639 circum
334 1605 456 1636 inanem
472 1606 601 1637 nubem:
624 1609 653 1636 et
669 1606 798 1645 ignarus
811 1605 859 1636 bis
873 1606 985 1636 circuit
1000 1606 1098 1636 locum
1110 1615 1169 1645 quo
1186 1605 1254 1635 Dea
1270 1614 1317 1635 me
1333 1604 1548 1642 occultaverat,
1562 1607 1592 1635 et
1606 1603 1654 1635 bis

201 1649 357 1684 clamarit,
373 1649 408 1679 Io
423 1648 592 1687 Arethusa,
608 1649 641 1678 10
653 1648 819 1679 Arethusa.
845 1649 930 1683 Quid
944 1652 1017 1679 tunc
1031 1648 1099 1686 fuit
1115 1647 1212 1678 animi
1225 1647 1302 1678 mihi
1318 1645 1462 1679 miserae?
1483 1657 1562 1677 anne
1576 1647 1655 1687 quod

200 1701 292 1731 agnae
307 1694 364 1729 ese,
387 1691 414 1721 si
427 1702 493 1731 quae
505 1691 590 1722 audit
604 1691 689 1730 lupos
704 1691 828 1720 rabidos
843 1691 958 1722 circum
973 1691 1091 1721 excelsa
1103 1690 1225 1721 stabula
1238 1688 1253 1721 ἶ)
1281 1693 1334 1720 aut
1351 1689 1463 1729 lepori,
1488 1691 1541 1728 qui
1557 1692 1656 1720 tectus

200 1734 335 1765 dumetis
349 1733 433 1764 ridet
454 1734 551 1764 rictus
572 1733 713 1763 inimicos
726 1743 846 1772 cunum,
860 1743 956 1773 neque
972 1734 1033 1763 ullo
1054 1734 1141 1763 modo
1156 1734 1247 1763 audet
1272 1741 1391 1762 movere
1403 1741 1512 1772 corpus
1522 1731 1538 1764 s?
1582 1731 1656 1762 Non

201 1779 304 1807 tamen
317 1776 382 1806 abit
406 1776 526 1813 long-ius
537 1786 548 1812 ,·
571 1786 642 1805 nam
656 1776 740 1805 nulla
755 1777 857 1806 cernit
872 1776 963 1814 signa
982 1777 1090 1815 ped-um
1106 1775 1238 1814 longius.
1287 1773 1430 1804 Custodit
1446 1777 1476 1804 et
1501 1773 1610 1804 nubem
1625 1777 1657 1804 et

202 1820 310 1849 locum.
357 1818 460 1848 Sudor
472 1819 594 1857 gelidus
609 1818 737 1858 corripit
760 1827 827 1848 mea
843 1818 978 1848 membra
1002 1818 1212 1855 circumclusa,
1234 1819 1264 1847 et
1286 1819 1388 1855 guttae
1403 1815 1656 1857 coeruleoefluunt

203 1862 240 1892 de
255 1863 319 1891 toto
331 1870 466 1900 corpore.
516 1861 558 1890 Ee
574 1871 634 1900 qua
647 1861 753 1900 pedem
768 1860 876 1899 intuli,
890 1863 1036 1899 stagnum
1051 1860 1176 1897 «nitur,-
1197 1862 1288 1898 atque
1299 1869 1349 1889 ros
1355 1858 1434 1899 fluit
1445 1868 1486 1890 ex
1497 1869 1604 1895 coma,·
1625 1862 1657 1889 et

202 1902 334 1934 velocius
347 1913 438 1943 quam
458 1913 537 1934 nunc
552 1903 611 1933 tibi
634 1902 736 1940 refero
744 1902 820 1940 fata
834 1906 938 1933 vertor
960 1903 993 1933 z'n
1016 1912 1137 1942 aquam.
1182 1901 1244 1932 Sea
1258 1901 1339 1932 enim
1357 1901 1479 1942 fluvius
1502 1902 1658 1941 cognoscit

204 1945 311 1977 latices
325 1947 465 1984 dilectos,
481 1950 511 1976 et
527 1946 616 1976 vultu
631 1946 693 1976 viri
708 1946 830 1984 omisso,
846 1955 931 1985 quem
946 1946 1101 1982 induerat,
1116 1948 1255 1975 mutatur
1269 1945 1304 1974 in
1325 1954 1397 1974 suas
1419 1954 1523 1984 aquas,
1537 1947 1572 1974 ut
1587 1944 1660 1974 mis-

203 1991 270 2018 ceat
283 1998 314 2019 se
329 1988 416 2018 mihi.
439 1989 545 2019 Diana
557 1988 661 2028 aperit
675 1991 812 2018 terram:
836 1998 891 2026 ego
904 1988 1048 2027 absorpta
1062 1988 1163 2024 nigris
1175 1987 1276 2016 antris
1288 1987 1405 2025 appello
1420 1988 1460 2017 ad
1476 1987 1659 2026 Ortygiam,

205 2040 273 2071 quae
286 2034 380 2068 grata
394 2031 570 2069 cognomine
588 2031 663 2060 Dece
678 2040 753 2061 meoe
768 2031 869 2069 prima
884 2030 992 2060 eduxit
1008 2038 1055 2059 me
1069 2028 1123 2059 sub
1140 2038 1232 2059 auras
1243 2038 1378 2067 superas.

820 2110 1050 2122 mmm

206 2155 279 2187 nub.
309 2154 535 2192 fertur.—626
566 2154 606 2185 In
637 2153 784 2186 Bet-olin.
814 2155 929 2185 omitt.
959 2157 1123 2186 esa—627
1153 2154 1237 2185 Mss.
1272 2154 1402 2185 Bersm.
1432 2156 1496 2195 lup.
1523 2155 1659 2187 vidit.—

207 2200 272 2229 629
294 2197 375 2228 Lov.
391 2201 425 2227 et
442 2202 511 2227 tres
527 2197 584 2227 alii
599 2207 682 2237 corp.
704 2198 919 2228 saltus.—631
945 2197 998 2228 Ire
1023 2197 1164 2228 Heinsio
1181 2197 1308 2237 placet,
1325 2197 1415 2237 quod
1442 2198 1475 2228 in
1492 2198 1659 2229 nonnullis

207 2244 294 2271 vett.
311 2243 427 2270 extat:
456 2240 544 2279 vulg.
561 2241 743 2270 ulla-633
767 2239 918 2270 Berolin.
942 2242 1023 2270 tecto
1043 2241 1080 2270 de
1095 2243 1286 2280 corn—634
1308 2240 1389 2272 Jun.
1405 2244 1440 2270 et
1462 2240 1557 2271 Med.
1575 2250 1659 2271 unus

205 2283 274 2324 ped.
299 2292 411 2313 moveo.
437 2283 506 2313 Pro
523 2282 614 2323 vulg.
631 2284 725 2321 locus,
743 2281 862 2312 Heins.
879 2291 922 2312 ex
938 2282 1089 2322 plurimis
1106 2287 1190 2314 vett.
1207 2283 1358 2323 reposuit
1372 2284 1573 2315 lacus.-635
1590 2282 1661 2314 Alii

209 2335 286 2356 cum
304 2324 507 2362 Heins.fata
522 2327 695 2356 rem—636
721 2324 868 2356 Berolin.
886 2328 921 2355 et
940 2324 1100 2356 Heidelb.
1118 2325 1156 2356 In
1172 2326 1291 2356 latices.
1315 2325 1356 2355 In
1373 2335 1438 2356 uno
1455 2324 1588 2357 Ciofani
1603 2327 1660 2357 lat.

208 2371 311 2399 vertor
322 2378 333 2403 ‚·
356 2367 461 2399 Gron.
477 2368 593 2399 mittor.
619 2367 756 2398 Deinde
771 2367 805 2397 in
821 2367 969 2398 Berolin.
983 2377 1070 2407 cogn.
1085 2370 1346 2408 amatque.—639
1368 2367 1438 2398 Alii
1451 2369 1595 2409 coecisque
1605 2378 1662 2407 ego

210 2420 300 2441 mers.
325 2410 431 2441 Gron.
457 2411 538 2441 Lov.
565 2414 599 2440 et
614 2410 693 2440 Bas.
718 2410 862 2450 caecisque
887 2410 1147 2441 immonem—641
1174 2411 1280 2442 Gron.
1304 2420 1365 2449 pro
1382 2420 1451 2442 var.
1479 2411 1562 2442 lect.
1580 2411 1662 2441 Orta

210 2463 296 2484 mm.
319 2452 359 2483 In
376 2452 506 2483 duobus
521 2453 562 2483 V.
576 2462 641 2483 uno
653 2451 798 2490 Ciofani,
814 2452 950 2484 Caelest.
966 2458 1001 2483 et
1015 2451 1141 2484 Abbat.
1159 2453 1263 2484 Grata
1280 2453 1367 2484 mihi.
1389 2453 1524 2484 Deinde
1542 2453 1664 2484 Heius.

867 2538 1011 2570 NOTAE

255 2601 318 2630 639
342 2599 450 2640 Delia]
474 2600 601 2641 Diana,
621 2600 655 2631 in
686 2600 777 2632 Delo
803 2600 910 2632 insula
1009 2602 1213 2643 Cognomine]
1234 2601 1337 2632 Dicta
1357 2605 1411 2632 est
1432 2610 1554 2642 nempe
1579 2601 1662 2633 Dia·

212 2653 303 2680 nata.
964 2661 1008 2682 na
1030 2651 1177 2692 Ortygia
1194 2651 1237 2682 ab
1260 2652 1369 2682 insula
1390 2651 1498 2691 De103
1521 2651 1575 2683 cui
1591 2651 1665 2692 qui-

256 2702 319 2730 640
345 2701 527 2741 Ortygiam]
554 2702 665 2734 Quam
693 2711 796 2742 supra
820 2701 909 2732 insu-
965 2700 1041 2731 dem
1059 2700 1189 2740 insulan,
1205 2710 1223 2731 a
1244 2701 1456 2731 coturnicum
1472 2701 1582 2743 copia,
1597 2700 1662 2732 Or-

216 2750 282 2780 lam
312 2751 470 2789 diximus,
504 2752 612 2792 primo
641 2757 759 2792 ponte,
787 2752 909 2784 deinde
965 2750 1206 2791 tygiaenomen
1224 2751 1313 2792 apud
1334 2751 1484 2782 Graecos.

217 2801 394 2840 aggeribus
408 2802 529 2833 Siciliae
547 2803 765 2834 commissam.
