1831 3023
172 217 287 258 1308
661 232 702 262 P.
735 231 893 262 ovrnu
926 229 1140 261 NAsoNJs

173 323 276 364 Lux
295 317 428 365 micat
448 338 503 366 ex
526 326 685 376 oculis,
708 327 931 380 spiratque
948 339 972 366 e
994 330 1166 379 pectore
1187 324 1376 366 flamma.

173 386 317 444 thue
339 392 460 433 volat
479 393 630 442 moles,
652 393 843 434 adducto
866 394 1036 433 concita
1054 405 1201 441 nervo,

173 457 285 498 Cum
307 460 412 512 petit
433 465 508 500 aut
529 472 692 507 muros,
721 463 797 498 aut
818 460 971 510 plenas
993 460 1128 500 milite
1147 463 1284 500 turres
1304 472 1314 510 3

173 525 227 565 In
241 525 425 579 juvenes
447 531 569 565 vasto
591 526 654 564 sic
677 526 839 576 impete
861 525 1091 566 vulnificus
1113 539 1186 567 sus

172 591 350 632 Fertur:
382 596 421 632 et
444 591 723 643 Eupalamon
747 590 1079 645 Pelagonaque,
1108 592 1262 634 dextra
1283 596 1452 633 tuentes
1538 591 1624 633 360

174 659 365 707 Cornua,
389 659 633 711 prosternit.
695 658 817 698 Socii
839 672 1017 712 rapuere
1035 660 1249 714 jacentes.

171 724 233 765 At
252 737 341 765 non
363 724 558 765 letiferos
579 724 729 777 effugit
750 725 999 767 Enaesimus
1018 727 1146 778 ictus,

172 791 487 845 Hippocoonte
509 796 646 832 satus.
707 792 1038 846 Trepidantem,
1059 798 1101 835 et
1122 799 1241 848 terga
1262 796 1485 849 parantem

171 858 368 907 Vertere,
391 854 566 898 succiso
586 858 807 912 liquerunt
826 860 993 913 poplite
1013 861 1148 903 nervi.

172 924 373 965 Forsitan
396 929 439 965 et
461 925 619 978 Pylius
642 926 750 966 citra
770 926 967 980 Trojana
987 928 1177 981 perisset
1541 925 1628 968 365

169 991 415 1044 Tempora:
446 991 523 1032 sed
551 995 693 1034 sumto
712 993 858 1046 posita
879 995 1107 1036 conamine
1127 996 1183 1036 ab
1204 995 1346 1046 hasta,

169 1057 357 1099 Arboris
377 1059 558 1108 insiluit,
582 1073 679 1113 quae
703 1061 847 1101 stabat
868 1062 1084 1114 proxima,
1105 1062 1239 1102 ramis
1258 1076 1266 1102 ε

169 1125 485 1179 Despexitque,
506 1127 604 1167 loco
625 1131 757 1177 tutus,
779 1140 907 1181 quem
927 1128 1106 1180 fugerat,
1128 1129 1313 1169 hostem.

169 1193 392 1234 Dentibus
411 1193 486 1234 ille
506 1193 630 1235 ferox
650 1193 697 1233 in
718 1207 883 1247 querno
905 1194 1055 1248 stipite
1076 1195 1204 1244 tritis,

170 1259 371 1311 ‚Imminet
384 1261 546 1310 exitio,
566 1261 853 1315 frendensque
871 1262 1120 1303 recentibus
1141 1263 1274 1303 armis
1543 1262 1629 1304 370

170 1326 397 1370 Othriadae
417 1330 564 1382 magni
584 1334 725 1371 rostro
745 1329 886 1371 femur
903 1331 1051 1372 hausit
1070 1330 1256 1372 adunco,

164 1470 270 1509 prodit
299 1479 339 1499 ex
366 1473 486 1509 pectore
497 1481 507 1501 .-
538 1474 568 1502 et
594 1474 847 1512 quemadmodum
874 1474 965 1513 glans
1004 1474 1135 1514 impulsa
1173 1483 1266 1505 nervo
1305 1473 1490 1504 circumacto
1531 1473 1625 1512 colat,

166 1521 234 1542 cum
248 1513 327 1552 petit
342 1516 396 1542 aut
411 1513 534 1553 moenia,
558 1518 612 1545 aut
627 1518 728 1546 turres
742 1516 896 1554 confertas
910 1516 1028 1553 milite;
1050 1517 1093 1547 sic
1107 1525 1181 1556 aper
1196 1516 1321 1547 vulnera
1336 1517 1492 1547 intentans
1506 1515 1572 1546 ruit
1594 1515 1627 1546 in

167 1554 289 1585 iuvenes
303 1558 386 1585 certo
401 1555 517 1594 impetu
529 1567 541 1593 ;
564 1561 655 1596 atque
674 1560 806 1597 proterit
821 1559 1013 1598 Eupalamon
1025 1562 1054 1589 et
1070 1560 1257 1597 Pelagonem
1271 1558 1468 1595 defendentes
1482 1559 1629 1588 dextrum

167 1607 272 1628 cornu.
319 1598 550 1629 Commilitones
566 1599 759 1630 abstulerunt
771 1601 931 1640 protritos.
975 1602 1019 1632 At
1039 1601 1310 1643 Enoesimusfilius
1330 1600 1553 1641 Hippocoontis
1567 1610 1629 1631 non

148 1666 152 1667 ⁷
166 1639 278 1670 vitavit
291 1640 370 1669 ictus
393 1639 576 1677 mortiferos.
623 1642 722 1672 Nervi
735 1643 942 1673 destituerunt
955 1646 1135 1674 trementem
1151 1647 1180 1674 et
1192 1646 1351 1673 conantem
1364 1646 1485 1682 tergum
1498 1645 1628 1682 vertere,

165 1681 282 1721 poplite
295 1682 419 1722 afflicto.
466 1682 560 1713 Forte
577 1683 672 1714 etiam
683 1684 793 1724 Pylius
804 1685 961 1716 occidisset
972 1686 1053 1716 citra
1069 1689 1204 1725 tempora
1221 1685 1367 1723 Troiana,
1382 1686 1432 1715 sed
1447 1685 1515 1715 nisu
1527 1685 1627 1724 petito

166 1723 204 1752 ab
220 1724 309 1753 hasta
325 1724 459 1763 impacta
474 1725 603 1755 immisit
617 1735 648 1755 se
665 1726 697 1756 in
713 1736 814 1757 ramos
827 1727 946 1758 arboris
968 1738 1036 1766 quae
1050 1731 1118 1758 erat
1131 1728 1275 1767 proxima
1286 1738 1298 1764 ;
1320 1730 1411 1766 atque
1425 1735 1546 1757 securus
1565 1727 1627 1757 Ioco

165 1766 325 1796 contemsit
341 1766 458 1796 hostem
472 1777 559 1806 quem
576 1767 720 1807 fugerat.
766 1769 825 1800 Ille
838 1779 936 1800 soevus
954 1769 1096 1800 dentibus
1115 1770 1214 1800 acutis
1229 1770 1263 1799 in
1278 1773 1385 1800 trunco
1401 1779 1513 1809 querno
1530 1768 1629 1799 mina-

166 1812 219 1838 tur
245 1809 373 1849 cladem,
389 1812 420 1840 et
435 1809 589 1851 confidens
609 1811 706 1841 armis
731 1812 902 1843 recentibus
926 1812 1073 1844 laceravit
1091 1812 1200 1850 femur
1225 1812 1332 1851 magni
1350 1811 1513 1843 Othriadae
1527 1814 1626 1842 rostro

783 1900 1018 1912 eeeeeeeeeeee

161 1953 255 1990 sulm.
285 1953 382 1984 secius
399 1958 568 1986 orsu—356
591 1956 646 1987 Sic
662 1957 781 1987 Heius.
811 1957 916 1995 Olim,
932 1957 1057 1988 Emicat
1072 1967 1113 1988 ex
1129 1958 1235 1996 oculis,
1249 1957 1349 1998 spirat
1363 1966 1476 1997 qnoque
1489 1956 1626 1997 pflam-

167 2005 244 2026 maS.
290 1996 357 2026 Sed
375 2002 463 2037 octo,
477 1999 583 2038 micat,
598 1999 748 2039 quinque
765 2000 963 2039 spirutquep.
980 2005 1016 2030 et
1029 2001 1177 2030 Florent.
1195 2002 1227 2030 S.
1244 1999 1505 2039 Marciflamma.
1539 1998 1624 2029 Inde

166 2037 285 2068 Heius.
302 2039 382 2069 lect.
399 2049 493 2070 snam
510 2041 699 2081 composuit
714 2052 722 2080 ;
744 2043 799 2082 qui
818 2046 929 2072 tamen
946 2051 1012 2072 non
1037 2047 1150 2081 negat,
1167 2051 1262 2081 posse
1280 2041 1469 2081 etflammas
1485 2040 1624 2072 servari.

166 2080 359 2110 Bnrmauno
390 2083 494 2122 magis
521 2083 675 2122 placeret
703 2084 776 2114 fax
799 2084 1012 2114 micea—359
1040 2084 1134 2115 Vasto
1161 2093 1222 2123 pro
1249 2084 1340 2122 vulg.
1363 2086 1446 2113 certo
1463 2092 1504 2113 ex
1528 2082 1623 2114 Leid.

167 2131 234 2152 uno
250 2126 284 2152 et
300 2122 436 2153 Sixiano
451 2125 583 2164 recepit
597 2126 712 2156 Burin,
728 2125 806 2166 quia
820 2128 903 2156 certo
920 2126 1017 2156 modo
1034 2127 1330 2166 praecessit.—362
1354 2125 1473 2156 Heius.
1499 2126 1543 2156 At
1559 2135 1623 2156 nec.

166 2166 272 2194 —364
295 2164 463 2204 Sixianus,
480 2170 515 2196 et
531 2167 638 2198 Gron.
658 2172 736 2198 tert.
766 2167 851 2198 Vert.
866 2167 1125 2198 succidua—365
1151 2167 1297 2200 Quidam
1315 2167 1423 2198 Codd.
1440 2168 1514 2208 Pyt.
1529 2168 1622 2198 circa.

166 2209 273 2237 —366
295 2206 376 2238 Jun.
396 2208 533 2238 Maenia:
555 2210 726 2240 scot—369
750 2210 844 2239 Unus
862 2210 955 2241 Leid.
972 2210 1004 2240 in
1027 2220 1175 2249 quercus.-
1199 2211 1306 2241 Gron.
1333 2211 1365 2241 in
1390 2220 1510 2241 acerno.
1554 2210 1624 2240 Pro

168 2248 254 2279 tritis
269 2249 366 2279 multi
385 2249 491 2281 Codd.
515 2251 610 2291 fixis,
641 2256 698 2281 aut
727 2251 966 2283 strictis—370
1002 2252 1188 2292 Frendensq.
1217 2263 1259 2283 ex
1287 2262 1352 2283 uno
1383 2252 1502 2283 Heius.
1528 2251 1625 2284 dedit

166 2291 282 2322 Burm.
296 2292 402 2323 ceteri
417 2292 658 2334 fidensq.-—37l
684 2293 723 2324 In
741 2294 908 2325 nonnullis
928 2294 1089 2332 Oricltiae;
1113 2295 1283 2326 Planudes
1301 2295 1448 2336 Orityoe;
1471 2294 1528 2326 alii
1542 2295 1624 2326 scri-

824 2401 966 2432 NOTAE

210 2477 271 2505 357
295 2474 407 2514 Moles]
427 2475 517 2506 Saxa
529 2475 700 2515 intelligit,
713 2476 766 2506 vel
777 2475 865 2516 ojus·
963 2479 1021 2507 361
1043 2477 1179 2517 Cornua]
1196 2476 1444 2516 Aciemnempe
1457 2475 1489 2506 in
1504 2485 1622 2516 aprum

166 2525 255 2556 modi
271 2525 349 2564 alia,
372 2525 493 2556 balista
520 2531 579 2556 ant
598 2526 697 2556 simili
714 2525 868 2556 machina
921 2527 1165 2566 instruxerant,
1195 2528 1227 2557 in
1251 2527 1346 2568 cnjus
1373 2527 1493 2557 dextro
1517 2535 1623 2557 cornu

168 2574 300 2606 emissa.
922 2577 986 2607 duo
1003 2577 1058 2607 isti
1073 2576 1143 2608 fato
1160 2578 1274 2618 iniquo
1288 2577 1415 2617 reperti
1432 2581 1521 2608 sunt.

210 2627 273 2655 360
289 2624 494 2664 Eupalamon]
511 2624 732 2664 Ignobiliores
742 2624 866 2656 fuerint
963 2629 1023 2657 365
1062 2627 1184 2667 Pylius]
1229 2628 1408 2658 Nestorem
1439 2626 1535 2666 dicit,
1563 2626 1623 2668 qui

166 2674 199 2704 hi
217 2674 283 2705 duo
308 2675 486 2706 verisimile
510 2679 573 2715 est,
605 2675 769 2717 siquidem
800 2687 865 2707 non
920 2678 1006 2717 Pylo
1018 2678 1195 2708 Messeniae
1209 2678 1284 2709 urbi
1298 2677 1498 2718 imperavit;
1516 2686 1622 2718 quan-

167 2724 379 2765 aliterqnam
396 2735 457 2755 sua
473 2730 596 2766 morte,
621 2726 711 2768 quod
733 2727 866 2768 quidem
920 2737 1019 2768 quam
1045 2728 1210 2759 Thersitae
1239 2727 1367 2759 factum
1398 2727 1491 2759 istud
1522 2731 1619 2760 vetus

167 2773 285 2814 sciam,
301 2775 440 2816 cogniti.
921 2776 1061 2808 Homeri
1077 2782 1323 2810 commentator
1338 2776 1508 2810 attribuit}
