1831 3023
507 235 978 267 MssrAnonPnossson
1013 237 1059 266 m
1069 239 1107 266 n.
1141 237 1255 268 xm.
1496 228 1609 271 1595

155 327 291 380 Nata,
307 329 461 384 jaces:
491 330 705 382 videoque
723 330 862 380 tuum,
883 342 982 371 mea
1000 330 1195 382 vulnera,
1214 330 1390 373 vulnus.
1523 333 1609 375 495

155 396 235 447 En,
263 409 317 438 ne
335 397 594 451 perdiderim
616 407 862 449 quenquam
883 398 975 439 sine
996 398 1120 440 caede
1139 410 1350 447 meorum,

152 462 224 504 Tu
245 477 423 518 quoque
444 464 600 505 vulnus
620 462 767 503 habes.
828 463 892 505 At
910 468 966 514 te,
989 465 1096 519 quia
1115 465 1309 515 foemina,
1326 464 1454 505 rebar

152 528 197 570 A
213 529 324 571 ferro
345 534 507 572 tutam:
538 529 738 570 cecidisti
757 535 799 571 et
820 530 1002 572 foemina
1022 531 1150 573 ferro.

152 596 326 651 Totque
349 602 450 640 tuos
469 598 581 638 idem
602 597 770 647 fratres,
803 602 843 638 te
864 598 1052 651 perdidit
1071 598 1204 649 idem,

152 663 350 706 Exitium
364 664 529 718 Trojae,
549 664 770 716 nostrique
792 665 982 714 orbator,
1004 663 1211 705 Achilles.
1525 663 1612 705 500

150 728 214 771 At
233 736 468 785 postquam
491 731 665 772 Paridis
684 731 845 772 cecidit
866 730 1113 783 Phoebique
1133 731 1307 784 sagittis
1324 744 1335 783 ;

151 796 287 839 Nunc
307 801 438 848 certe,
460 798 568 848 dixi,
589 810 677 838 non
694 801 759 837 est
777 796 1036 838 metuendus
1057 795 1269 838 Achilles.

151 863 280 905 Nunc
301 877 478 918 quoque
496 865 558 905 mi
578 863 835 904 metuendus
856 865 962 904 erat.
1024 861 1149 904 Cinis
1167 864 1268 917 ipse
1289 864 1454 918 sepulti

151 929 203 971 In
221 944 359 984 genus
379 932 464 973 hoc
486 932 640 973 saevit:
671 931 838 972 tumulo
858 943 1033 985 quoque
1053 931 1271 972 sensimus
1292 931 1488 973 hostem:

150 997 355 1040 AEacidae
375 998 584 1041 foecunda
603 998 682 1040 fui.
740 998 771 1039 J
774 1002 872 1039 acet
891 998 1005 1040 Ilion
1024 999 1199 1051 ingens:
1526 997 1611 1040 505

149 1064 412 1119 Eventuque
433 1065 555 1118 gravi
577 1065 700 1106 finita
718 1069 785 1106 est
804 1065 984 1118 publica
1004 1065 1180 1106 clades:

149 1131 198 1173 Si
218 1131 351 1173 finita.
365 1135 524 1174 tamen.
584 1132 678 1173 Soli
696 1131 802 1172 mihi
823 1132 1040 1186 Pergama
1060 1136 1231 1174 restant
1248 1147 1257 1174 ε

150 1197 204 1239 In
226 1211 445 1253 cursuque
465 1212 588 1240 meus
608 1199 731 1240 dolor
751 1203 831 1241 est.
892 1199 1033 1241 Modo
1054 1201 1250 1241 maxima
1268 1213 1422 1251 rerum,

147 1264 237 1308 Tot
257 1268 425 1320 generis
444 1268 646 1322 natisque
667 1272 836 1321 potens,
857 1268 1128 1321 nuribusque
1149 1268 1348 1322 viroque,

147 1401 245 1429 restat
253 1396 294 1438 11)
304 1399 392 1440 filia,
406 1400 546 1431 extincta
567 1409 598 1431 es
610 1411 622 1437 ,·
644 1403 735 1440 atque
749 1409 838 1432 cerno
855 1403 940 1430 tuam
952 1401 1090 1440 plagam,
1107 1408 1188 1430 meas
1200 1399 1321 1438 plagas.
1366 1398 1457 1435 Ecce,
1481 1406 1519 1428 ne
1532 1396 1611 1428 ami·

148 1441 241 1471 serim
255 1451 426 1482 quenquam
448 1452 583 1473 meorum
598 1443 664 1472 sine
688 1444 781 1477 coede,
809 1446 843 1472 tu
869 1442 963 1472 etiam
986 1442 1075 1479 geris
1100 1442 1219 1472 vulnus.
1264 1442 1308 1471 At
1325 1443 1355 1470 te
1368 1439 1516 1479 putabam
1528 1448 1611 1469 secu-

147 1492 215 1514 ram
223 1483 320 1523 ferri,
342 1486 413 1524 quia
433 1485 583 1523 soemina:
607 1484 775 1515 occubuisti
799 1486 892 1514 etiam
910 1483 1044 1521 foemina
1061 1483 1170 1520 ferro:
1193 1482 1333 1522 idemque
1345 1481 1494 1519 Achilles,
1509 1481 1611 1511 clades

151 1525 263 1565 Trojoe,
278 1530 310 1557 et
325 1527 423 1557 nostri
435 1528 571 1566 orbator,
585 1527 683 1557 exitio
694 1527 781 1557 dedit
798 1529 844 1556 tot
852 1526 976 1563 fratres
989 1529 1068 1564 tuos,
1083 1522 1165 1555 idem
1180 1527 1211 1555 te
1225 1522 1359 1555 afflixit.
1390 1522 1436 1554 At
1448 1525 1611 1563 postquam

147 1567 287 1598 occubuit
301 1569 430 1608 spiculis
442 1569 573 1600 Paridis
587 1572 616 1599 et
632 1568 801 1608 Apollinis,
822 1577 900 1598 nunc
915 1571 1009 1605 certe,
1024 1567 1107 1605 dixi,
1122 1567 1259 1597 Achilles
1273 1576 1333 1596 non
1346 1568 1392 1596 est
1406 1565 1612 1603 reformidan-

146 1610 213 1640 dus.
258 1610 352 1642 Nunc
366 1612 463 1642 etiam
484 1611 563 1642 milui
579 1614 647 1642 erat
662 1610 922 1648 reformidanda-s.
970 1610 1040 1650 Ipse
1055 1609 1133 1639 cinis
1148 1608 1266 1638 conditi
1281 1606 1370 1644 furit
1386 1606 1421 1636 in
1442 1606 1521 1636 hanc
1541 1615 1611 1646 pro-

144 1652 267 1689 geniem
277 1663 288 1683 .·
311 1658 449 1694 expertae
463 1663 566 1684 sumus
581 1655 676 1684 etiam
691 1653 809 1683 hostem
823 1662 863 1682 ex
878 1653 1035 1690 sepulcro.-
1059 1650 1114 1687 sui
1123 1648 1272 1687 foecunda
1284 1648 1437 1679 AEacidoe.
1471 1648 1611 1688 Superba

152 1694 244 1733 Trnja
257 1699 416 1735 prostrata
431 1699 489 1734 ese,
503 1699 533 1726 et
549 1704 705 1725 commune
720 1694 852 1724 exitium
868 1694 1036 1723 absolutum
1049 1695 1094 1723 est
1110 1692 1197 1722 tristi
1213 1691 1312 1729 exitu,
1326 1691 1477 1731 siquidem
1491 1692 1611 1722 absolu·

149 1740 214 1768 lum
228 1739 340 1770 tamen.
389 1737 482 1776 Troja
508 1737 587 1768 mihi
611 1737 667 1767 soli
693 1739 831 1775 superest
843 1746 854 1772 ;
877 1739 969 1775 atque
992 1744 1131 1765 (erumna
1154 1743 1220 1764 mea
1244 1736 1289 1765 est
1311 1733 1345 1763 in
1370 1742 1472 1764 cursu.
1512 1733 1608 1763 Modo

149 1780 286 1811 γηακὶηια
300 1789 417 1821 remon,
430 1781 548 1821 pollens
563 1782 608 1810 tot
621 1779 760 1819 generis,
784 1781 830 1809 tot
837 1778 935 1820 filiis,
960 1777 1139 1819 etfiliabus,
1164 1780 1257 1817 alque
1271 1776 1397 1815 marito,
1410 1785 1488 1806 nunc
1504 1775 1610 1816 rapior

758 1874 797 1887 Ν
800 1874 994 1886 0000000000

149 1931 226 1962 Pat.
235 1929 397 1962 exhibent
409 1929 523 1967 πυκνὶ,-
541 1929 630 1970 vulg.
642 1929 772 1960 matris:
789 1929 878 1961 unde
890 1929 1010 1961 Heius.
1023 1930 1113 1970 conj.
1129 1929 1215 1960 Nata
1229 1931 1293 1959 tuoe
1305 1926 1399 1968 (quis
1412 1925 1493 1958 em'm
1504 1935 1608 1966 super-

147 1976 193 2004 est
212 1974 300 2004 dolor
311 1971 350 2013 ?)
373 1973 483 2003 ultima
496 1973 710 2003 mavul—⁴95
734 1973 836 2013 Vulg.
856 1983 966 2011 meum,
991 1976 1044 2003 tua
1059 1973 1185 2003 vulnera
1196 1974 1313 2012 pectus.
1338 1969 1496 2008 Quidam,
1510 1978 1609 2000 meum

146 2020 201 2046 tua
211 2016 337 2047 vulnera
352 2017 472 2046 vulnus.
500 2015 566 2045 Alii
580 2015 689 2046 aliter.
708 2015 826 2046 Heins-
845 2016 934 2056 conj.
951 2019 1037 2046 tuum
1051 2025 1116 2045 mea
1130 2013 1474 2053 funerasunus.-496
1498 2012 1549 2042 En
1564 2020 1608 2042 ex

147 2058 316 2098 Bernegg.
340 2058 430 2098 vulg.
457 2060 497 2088 ee.
523 2057 641 2088 Heius.
663 2058 752 2098 conj.
780 2059 842 2093 An,
871 2064 907 2089 et
931 2068 980 2089 vs.
1006 2067 1076 2099 seq.
1109 2058 1158 2089 Tu
1180 2068 1211 2097 q.
1238 2067 1266 2087 υ.
1283 2053 1507 2087 habea-500
1530 2054 1609 2084 Duo

146 2100 223 2132 libri
263 2101 435 2131 Excidium
468 2100 658 2138 Troj.—5o3
684 2100 778 2131 Libri
807 2106 892 2132 vett.
925 2101 1017 2132 Nunc
1043 2110 1104 2140 pro
1134 2099 1222 2138 vulg.
1263 2098 1357 2130 Tunc.
1385 2097 1487 2128 Multi
1529 2095 1608 2127 libri

146 2144 211 2184 ipse
224 2143 481 2184 sepultum—504
499 2142 618 2174 Urbin.
635 2144 784 2174 tumulum
799 2146 994 2184 quoq.--505
1012 2141 1260 2180 Boxhorn.suil
1279 2142 1415 2172 1.—5o⁷
1439 2138 1476 2170 Si
1490 2138 1608 2187 Heius.

147 2186 288 2227 protulit
303 2195 345 2217 ex
360 2195 412 2226 pr.
431 2185 470 2216 R.
488 2190 523 2216 et
540 2194 605 2216 uno
624 2185 718 2216 Med.
734 2186 826 2225 vulg.
843 2187 927 2218 Sed:
951 2185 1049 2216 multi
1065 2184 1171 2216 Codd.
1188 2184 1292 2216 etiam
1311 2183 1398 2213 Nec.-
1422 2181 1466 2212 Ι).
1487 2180 1608 2228 Heius.

145 2237 223 2260 eum
248 2228 324 2260 Pal.
339 2228 426 2269 legit
450 2227 513 2258 Sit.
552 2227 737 2269 Schepper.
765 2229 855 2269 conj.
900 2228 961 2259 Sed
981 2228 1012 2266 f.
1037 2228 1123 2268 aliis,
1144 2227 1198 2259 sol.
1213 2229 1266 2267 ⁸5⁰·
1311 2225 1396 2256 Tres
1410 2222 1488 2254 libri
1503 2228 1607 2254 etiam

809 2318 949 2351 NOTAE

188 2397 249 2426 501
277 2394 400 2436 Phoebi]
431 2394 499 2427 Qui
526 2394 663 2426 Paridis
690 2393 851 2434 sagittam
906 2393 1118 2434 relinquere.¹
1148 2389 1309 2422 Ovidium
1324 2394 1439 2430 autem
1453 2393 1608 2420 asserunt

147 2445 312 2478 direxisse
331 2445 465 2477 dicitur.
907 2444 952 2474 H.
967 2443 1158 2482 Stephanus
1175 2440 1234 2471 lib.
1250 2440 1294 2471 de
1310 2437 1458 2476 Criticis,
1476 2442 1512 2469 et
1526 2438 1606 2470 Joh.

189 2499 251 2528 504
277 2497 384 2528 Genus
395 2496 464 2536 hoc]
488 2495 691 2535 Priamidas,
705 2495 849 2526 scilicet.
908 2493 1122 2525 Passeratius
1138 2490 1276 2533 praesat.
1290 2490 1323 2521 in
1338 2488 1609 2528 armorumjudi-

193 2548 319 2580 rumulo
333 2547 464 2589 quoque]
495 2548 506 2564 ‘
525 2546 641 2578 Habet
666 2547 728 2576 hoc
754 2546 851 2576 Mon·
906 2543 1004 2575 cium.

149 2605 247 2632 tanus
272 2597 414 2639 vitium,'
447 2598 559 2639 inquit
582 2598 726 2634 seneca,
751 2597 760 2612 ‘
778 2605 850 2626 sen·
948 2596 1012 2624 605
1037 2591 1194 2631 AEacae'doe]
1238 2589 1278 2620 1‹1
1302 2592 1368 2626 est,
1404 2588 1452 2618 Ut
1479 2593 1606 2628 esseut,

147 2651 272 2682 teutias
306 2658 383 2680 suns
418 2648 607 2690 repetendo
639 2646 850 2687 corrumpit,'
906 2654 988 2685 quos
1004 2643 1155 2675 Achilles
1172 2639 1265 2672 AEaci
1282 2648 1387 2678 nepos
1403 2642 1583 2669 mactaret.

147 2703 212 2732 διε.
249 2698 412 2731 ‘Solebat
446 2699 562 2740 itaque
591 2698 739 2728 Scaurus
772 2706 850 2728 eum
947 2697 1008 2726 50⁷
1033 2693 1100 2725 Soli
1132 2691 1224 2731 mihi]
1267 2688 1356 2721 Quia
1392 2688 1492 2719 sicuti
1523 2689 1605 2721 beili

147 2751 237 2782 inter
251 2754 404 2781 oratores
420 2748 583 2780 Ovidium
600 2757 736 2779 vocare.
760 2747 849 2778 Nam
905 2749 1059 2786 tempore
1075 2752 1152 2774 suns
1168 2739 1302 2780 sanguis
1319 2737 1603 2779 profundebantur.

148 2806 184 2833 et
199 2799 344 2833 Ovidius
365 2799 487 2839 nescit,
504 2797 594 2840 quod
622 2797 709 2830 bene
735 2797 850 2837 cessit,
946 2798 1009 2827 509
1035 2792 1107 2833 Tot]
1140 2789 1265 2823 Priami
1296 2788 1542 2831 quinquagina
1566 2794 1605 2821 et
