1831 3023
200 239 314 282 1122
687 236 730 282 Ρ.
762 250 923 281 ovmu
956 250 1171 281 NAsouls

202 347 435 400 Sanguine,
463 358 550 400 quo
569 345 696 387 tellus
718 345 805 386 late
826 345 1072 386 madefacta
1092 345 1288 398 tepebat,

201 413 496 454 Conciderant
521 413 664 466 lapsi:
696 413 972 466 surgentibus
992 412 1160 452 obstitit
1180 411 1314 460 ensis,

200 480 402 534 Alterius
425 482 577 529 costis,
595 481 747 533 jugulo
770 480 1033 520 Phorbantis
1057 479 1259 519 adactus.

202 547 262 589 At
283 562 372 589 non
396 547 629 589 Actoriden
652 547 845 595 Erithon,
869 546 940 586 cui
963 547 1053 586 lata
1070 547 1268 599 bipennis

200 614 355 655 Telum
377 619 483 664 erat,
505 615 680 655 hamato
703 614 887 654 Perseus
908 613 1019 665 petit
1039 626 1165 653 ense:
1198 613 1275 652 sed
1297 611 1396 653 altis
1596 611 1652 653 80

199 680 432 722 Extantem
454 682 609 733 signis,
632 682 869 733 multaeque
890 680 933 719 in
957 680 1146 731 pondere
1167 692 1346 728 massae,

202 748 427 800 Ingentem
448 749 650 788 manibus
671 748 781 788 tollit
804 749 970 786 cratera
988 746 1157 786 duabus
1176 760 1186 796 3

201 814 469 868 Infregitque
491 816 600 856 viro.
655 815 853 855 Rutilum
875 814 1012 853 vomit
1032 813 1104 853 ille
1127 827 1324 854 cruorem
1343 827 1352 854 :

201 881 257 924 Et
275 883 505 935 resupinus
525 883 703 922 humum
725 881 982 922 moribundo
1003 882 1165 922 vertice
1184 883 1344 934 pulsat.

200 949 308 989 Inde
330 950 588 990 Semiramio
610 949 929 1002 Polydaemona
950 949 1157 1001 sanguine
1180 952 1345 988 cretum
1602 948 1658 989 85

201 1016 551 1069 Caucasiumque
573 1016 755 1065 Abarin,
779 1016 1209 1069 Sperchionidenque
1230 1016 1461 1068 Lycetum,

201 1083 514 1134 intonsumque
536 1096 685 1123 comas
707 1083 884 1137 Elycen,
902 1083 1231 1135 Phlegiamque,
1251 1082 1517 1136 Clytumque

201 1149 362 1189 Sternit
379 1162 387 1188 :
418 1152 461 1187 et
482 1152 696 1189 astructos
717 1150 976 1189 morientum
996 1150 1141 1190 calcat
1161 1162 1357 1191 acervos.

202 1216 298 1256 Nec
323 1215 514 1255 Phineus
535 1227 671 1254 ausus
692 1228 946 1255 concurrere
967 1217 1165 1254 cominus
1185 1215 1316 1264 hosti,

201 1284 427 1336 intorquet
441 1281 641 1334 jaculum
661 1295 669 1322 :
702 1281 822 1334 quod
844 1281 1000 1322 detulit
1020 1295 1134 1322 error
1154 1283 1200 1321 in
1222 1281 1349 1332 Idan,
1602 1283 1658 1325 90

201 1349 442 1403 Expertem
462 1348 622 1388 frustra
640 1349 756 1397 belli,
786 1354 828 1388 et
847 1352 999 1388 neutra
1020 1361 1138 1388 arma
1160 1352 1372 1389 secutum.

201 1417 282 1457 Ille
303 1419 424 1458 tuens
447 1415 586 1456 oculis
607 1415 814 1455 immitem
836 1414 1005 1455 Phinea
1025 1414 1179 1464 torvis,

200 1546 307 1576 humus
331 1547 392 1576 late
417 1545 552 1577 delibuta
575 1544 717 1584 tepebat.-
749 1545 874 1584 gladius
896 1544 1050 1575 immissus
1067 1544 1181 1583 jugulo
1208 1543 1408 1580 Phorbantis,
1434 1547 1470 1574 et
1496 1544 1587 1575 lateri
1611 1545 1657 1576 al-

198 1588 307 1625 terius,
327 1589 484 1629 prohibuit
505 1598 568 1618 sese
582 1588 744 1625 erigentes,
791 1589 833 1618 At
858 1589 987 1618 Perseus
1002 1598 1061 1618 uon
1075 1587 1194 1618 invadit
1210 1587 1322 1626 'gladio
1338 1587 1492 1617 intentato
1518 1587 1658 1618 Erithon

198 1631 379 1668 Actoriden,
393 1632 444 1671 qui
460 1641 545 1660 arma
559 1630 686 1668 gerebat
708 1632 824 1660 castam
841 1629 999 1668 bipennem
1014 1641 1025 1667 ,·
1048 1631 1099 1660 sed
1119 1630 1211 1660 sumit
1236 1633 1368 1669 utraque
1388 1639 1480 1660 manu
1504 1632 1656 1660 craterem

198 1673 367 1705 maximum
378 1673 601 1713 prominentem
615 1672 713 1711 signis
730 1672 941 1711 eminentibus,
957 1676 987 1702 et
1013 1682 1132 1711 magnae
1147 1672 1236 1702 molis
1251 1673 1285 1701 in
1297 1673 1442 1711 pondere,
1457 1675 1489 1702 et
1509 1671 1609 1702 mittit
1622 1672 1656 1702 in

198 1715 308 1747 virum.
354 1717 413 1746 Ille
437 1719 555 1745 eructat
577 1715 757 1754 sanguinem
780 1715 918 1751 rubrum,
945 1719 972 1745 et
1001 1715 1160 1754 resupinus
1178 1715 1303 1754 plangit
1318 1717 1434 1744 terram
1448 1715 1550 1753 capite
1564 1714 1657 1744 mori-

199 1757 311 1788 bundo.
357 1759 474 1788 Postea
501 1758 632 1797 proterit
664 1757 910 1796 Polydoemonem
939 1760 1039 1787 ortum
1076 1758 1224 1795 sanguine
1249 1757 1444 1795 Semiramio,
1473 1759 1504 1786 et
1535 1755 1656 1787 Abarin

201 1800 395 1839 Caucasfflm,
423 1804 452 1830 et
482 1801 630 1839 Lycetum
657 1799 908 1838 Sperclaionfflen,
932 1803 962 1829 et
987 1800 1105 1838 Elycen
1130 1802 1286 1837 gerentem
1311 1799 1436 1838 capillos
1455 1798 1602 1837 intonsos,
1623 1802 1655 1829 et

201 1842 367 1880 l’Mcgian,
397 1845 427 1872 et
450 1843 594 1882 Clytum:
619 1844 649 1871 et
673 1841 787 1880 premit
808 1842 936 1881 pedibus
958 1843 1090 1871 cumulos
1112 1844 1303 1871 coacervatos
1318 1841 1502 1871 obeuntium.
1549 1841 1656 1880 Neque

201 1884 339 1915 Phineus
363 1894 455 1916 ansus
477 1884 667 1914 committere
691 1888 846 1914 certamen
868 1884 994 1924 propius
1010 1894 1075 1914 cum
1091 1883 1187 1922 hoste,
1202 1884 1303 1913 vibrat
1318 1884 1424 1922 telum,
1442 1883 1521 1923 quod
1536 1882 1657 1914 incerta

198 1937 307 1957 munus
319 1928 448 1957 detorsit
462 1927 492 1956 in
509 1927 599 1964 Idan,
611 1927 809 1965 nequicquam
825 1928 989 1957 immunem
1003 1937 1021 1956 a
1038 1926 1124 1964 bello,
1139 1929 1169 1956 et
1184 1930 1326 1956 neutrum
1338 1928 1492 1956 certamen
1507 1928 1655 1957 tuentem.

199 1969 258 1999 Ille
273 1969 423 2009 aspiciens
437 1969 533 1999 oculis
547 1968 664 1999 acerbis
679 1967 785 2005 ferum
810 1968 976 2007 Phineum,
1006 1969 1272 2008 Quandoquidem,
1297 1968 1411 2008 inquit,
1433 1977 1524 2006 cogor
1542 1967 1655 2005 infac-

801 2051 1038 2062 eeeeeeeeeeee

197 2106 473 2146 sequeinclinazit.
498 2107 601 2147 Vulg.
613 2106 713 2136 etiam
730 2106 769 2135 ad
784 2105 882 2137 illum.
885 2108 968 2136 ——u
993 2105 1033 2135 In
1047 2110 1133 2136 vett
1148 2106 1274 2145 legitur
1288 2106 1438 2137 Suenites.
1442 2109 1527 2137 —76
1548 2107 1654 2138 Belo-

199 2149 255 2180 lin.
278 2150 341 2180 late
367 2151 465 2180 tellus.
470 2152 553 2179 —78
578 2148 1130 2188 Berolin.Ihml›.‹1daptus.—-79
1153 2149 1222 2179 Pro
1254 2150 1396 2188 Erithon,
1423 2149 1477 2179 alii
1501 2149 1653 2181 scribunt

200 2192 325 2230 Erzton,
340 2193 394 2222 vel
417 2192 605 2232 Erycume-
566 2194 650 2222 -80
674 2190 813 2221 Hamato
829 2191 910 2221 Lov.
926 2190 1027 2221 habet
1056 2191 1199 2230 prodiv.
1215 2192 1294 2222 lect.
1312 2191 1401 2222 unde
1426 2191 1542 2223 Heius.
1559 2200 1652 2222 rece-

198 2234 268 2273 1›it;
292 2233 446 2274 frigidius
463 2234 549 2264 enim
580 2233 622 2271 ei,
646 2243 707 2263 nec
735 2233 940 2263 conveniens
969 2234 1193 2273 pugnantium
1216 2234 1329 2264 ardori
1358 2233 1544 2275 videbatur,
1559 2234 1652 2274 quod

197 2276 305 2306 ceteri
329 2277 465 2315 habent,
490 2278 705 2306 admota—81
733 2276 865 2306 'limam
892 2285 1079 2315 magnaque.
1117 2277 1196 2308 Jun.
1226 2280 1257 2307 et
1281 2277 1512 2317 pondere—83
1548 2277 1650 2317 Vulg.

198 2314 356 2358 Infligitq¹
369 2320 458 2349 viro:
482 2319 715 2359 quidamvero
731 2317 898 2356 Immisitq.
922 2317 1051 2349 Ar.und
1079 2322 1113 2348 et
1131 2320 1182 2350 1⁴1
1200 2324 1270 2359 opt.
1294 2319 1480 2359 Infringitq.
1518 2319 1650 2350 Graevi·

197 2370 278 2392 anus
291 2361 458 2401 Infregitq.
477 2361 564 2409 quod
587 2366 622 2391 ct
637 2360 799 2400 placebat
817 2360 936 2391 Heius.
963 2360 1052 2391 Ball.
1072 2362 1213 2392 Calidum
1229 2362 1337 2392 vomit
1363 2361 1407 2392 R.
1423 2372 1503 2392 tom.
1517 2371 1568 2392 ore
1583 2371 1652 2392 cru-

195 2407 374 2434 orem—85
392 2404 492 2443 Saepe
509 2404 611 2434 etiam
623 2403 781 2434 scribitur
804 2403 1132 2442 Polydegmona—86
1149 2405 1296 2435 Beroiin.
1315 2404 1509 2442 (lunensium,
1526 2413 1649 2434 omissa

196 2447 413 2486 copula—87
441 2446 536 2476 Idem
563 2446 634 2476 Non
661 2448 897 2485 tonsumq.——SS
930 2445 1022 2476 Med.
1048 2447 1174 2477 Tluian.
1203 2451 1239 2477 et
1264 2447 1317 2477 Fr.
1350 2450 1524 2482 astructos5
1556 2446 1648 2486 vulg.

196 2491 390 2527 exstructam
423 2489 522 2519 multi
544 2493 632 2520 vett.
655 2490 844 2524 exstinctos;
875 2487 1076 2518 Graeviauus
1103 2492 1255 2520 extentos.
1280 2488 1398 2520 Heius.
1425 2489 1512 2528 conj.
1532 2492 1564 2519 et
1577 2488 1648 2520 hinc

852 2584 990 2615 NOTAE

197 2646 369 2687 oriundus.
991 2650 1032 2679 86
1057 2647 1254 2688 Caucasium]
1272 2647 1303 2678 A
1323 2647 1488 2688 Caucaso,
1498 2647 1648 2688 Scythiae

239 2699 280 2726 79
303 2697 486 2737 Actoriden]
509 2696 642 2728 Actoris
657 2697 774 2729 filium.
948 2702 1075 2729 monte.

239 2749 279 2776 85
303 2747 502 2788 Semiramio]
519 2748 744 2780 Semiramidis
755 2748 895 2790 reginae,
989 2752 1029 2780 91
1055 2748 1376 2790 Expertemfrustra]
1406 2749 1497 2782 Quia
1511 2753 1647 2781 neutras

197 2796 239 2826 de
257 2806 321 2838 qua
337 2806 449 2838 supra.
949 2804 1083 2832 secutus
1100 2804 1226 2841 partes,
1242 2800 1310 2832 telo
1330 2803 1446 2831 tamen
1461 2799 1647 2841 appetitus.
