1831 3023
521 235 989 268 METAMORPHOSEON
1026 236 1122 267 mn.
1156 239 1264 268 vm.
1507 232 1623 274 1305

166 326 477 385 Naryciusque
496 330 648 379 Lelex,
670 330 1011 385 Panopeusque,
1035 331 1309 386 Hyleusque,
1328 332 1544 389 feroxque

167 395 418 452 Hippasus,
439 402 482 439 et
499 397 650 451 primis
668 398 904 438 etiamnum
925 397 1091 439 Nestor
1106 399 1150 439 in
1171 399 1318 440 armis.

165 463 222 505 Et
241 479 351 519 quos
373 466 644 519 Hippocoon
663 465 856 519 antiquis
879 467 1002 506 misit
1022 465 1223 520 Amyclis
1241 481 1251 512 ;

164 529 498 587 Penelopesque
516 545 655 582 socer,
678 546 779 573 cum
803 533 1040 576 Parrhasio
1061 533 1245 585 Ancaeo,

163 596 522 655 Ampycidesque
544 614 700 654 sagaX,
721 604 766 641 et
787 602 929 644 adhuc
950 615 977 643 a
996 604 1182 657 conjuge
1203 607 1321 644 tutus

165 665 380 718 OEclides,
401 670 677 721 nemorisque
695 668 833 709 decus
854 668 1045 722 Tegeaea
1064 669 1214 724 Lycei.

164 732 333 776 Rasilis
353 735 455 776 huic
477 748 691 777 summam
712 735 939 777 mordebat
959 736 1096 778 fibula
1117 743 1281 778 vestem
1301 751 1312 788 ;

162 799 306 843 crinis
326 807 417 845 erat
435 802 641 857 simplex,
660 804 818 845 nodum
843 804 1054 846 collectus
1075 806 1117 846 in
1137 818 1272 846 unum
1290 819 1299 845 ε

1533 535 1620 578 315

158 926 292 958 invictus
305 936 409 967 cursu,
425 931 456 960 et
477 929 575 961 Lelex
602 930 773 972 Narycius,
799 935 830 962 et
851 932 1023 974 Panopeus,
1038 936 1068 964 et
1086 933 1221 973 Hyleus,
1237 935 1268 963 et
1284 931 1382 970 ferox
1399 931 1572 973 Hippasus,
1589 937 1620 965 et

159 968 278 1000 Nestor
289 971 388 1002 adhuc
403 971 436 1002 in
449 972 562 1012 primis
577 974 687 1013 armis,
713 977 744 1005 et
767 985 839 1015 quos
856 975 1037 1016 Hippocoon
1057 976 1142 1005 misit
1157 975 1296 1015 antiquis
1314 975 1463 1015 Amyclis,
1488 979 1518 1006 et
1533 985 1620 1007 socer

158 1011 334 1053 Penelopes,
348 1024 417 1045 cum
431 1015 546 1045 Ancoeo
563 1016 743 1054 Parrhasio,
771 1022 801 1048 et
817 1018 946 1049 callidus
960 1018 1158 1058 Ampycides,
1180 1021 1211 1048 et
1229 1017 1369 1048 OEclides
1383 1018 1482 1048 adhuc
1497 1027 1622 1050 securus

157 1053 195 1084 ab
207 1065 315 1095 uxore,
340 1060 370 1087 et
391 1058 520 1097 Tegeoea
534 1058 627 1089 honos
641 1061 773 1091 nemoris
788 1060 904 1101 Lycaei.
951 1060 1063 1092 Fibula
1084 1060 1222 1100 expolita
1246 1060 1317 1091 huic
1340 1060 1545 1100 compescebat
1567 1071 1621 1092 ea:-

158 1101 288 1129 tremam
304 1102 417 1130 restem
429 1110 442 1136 ‚·
463 1101 591 1141 capillus
606 1105 673 1133 erat
697 1102 841 1143 simplex,
867 1106 988 1134 coactus
1004 1103 1035 1134 in
1052 1113 1145 1134 unum
1162 1104 1292 1133 nodum:
1313 1103 1462 1143 pharetra
1487 1103 1620 1134 eburnea

782 1187 1016 1199 eeeeeeeeeeee

159 1239 265 1269 —312
289 1237 356 1269 Alii
382 1238 571 1280 Noericiusq.
598 1240 652 1271 vel
680 1239 965 1280 Nar-itiusq.—313
993 1240 1174 1271 Etiamnum
1201 1241 1251 1272 Fi.
1277 1241 1309 1271 S.
1338 1240 1459 1280 Marci,
1485 1246 1520 1272 et
1551 1250 1621 1273 sec.

160 1279 254 1312 Med.
273 1281 364 1321 vulg.
380 1282 476 1312 ctiam
491 1292 582 1314 nunc.
627 1283 735 1314 Armis
749 1282 868 1313 Heius.
885 1281 982 1313 dedit
997 1292 1039 1313 ex
1066 1283 1173 1314 Cocld.
1201 1283 1354 1323 plurimae
1370 1283 1455 1313 Edd.
1479 1284 1622 1314 annis.—

158 1325 220 1353 315
246 1323 407 1355 Heidelb.
427 1326 755 1365 Penelopeque.-—317
780 1325 820 1356 Iu
839 1333 904 1355 uno
921 1325 963 1355 V.
987 1325 1050 1355 dec.
1074 1325 1227 1355 Atalanta
1245 1325 1318 1365 Lyc.
1363 1325 1505 1355 Botulus
1522 1325 1623 1355 male-

159 1365 217 1396 bat
232 1367 513 1408 nemoriq...Lyceo.
559 1368 643 1398 Post
659 1368 748 1398 hunc
765 1376 812 1397 vs.
830 1367 863 1396 in
880 1366 1094 1406 quibusdam,
1120 1367 1210 1397 Venit
1233 1367 1386 1402 Atalanta
1401 1366 1541 1398 Schoenei
1555 1368 1623 1407 pul-

155 1407 306 1439 cherrima
322 1409 436 1449 2·irgo;
462 1409 527 1448 vel,
548 1409 703 1440 Vernatrix
719 1409 761 1441 A.
785 1408 851 1439 Iasi
862 1408 968 1448 pulch.
991 1411 1131 1440 v.—-318
1155 1409 1276 1440 Urbin.
1290 1409 1335 1441 N.
1352 1418 1422 1441 sec.
1438 1409 1533 1441 Med.
1551 1410 1624 1441 huic

818 1505 958 1537 NOTAE

196 1587 260 1617 312
283 1586 394 1627 Lelex]
433 1587 634 1627 Locrenses,
663 1587 720 1630 qui
748 1587 859 1628 Nary-

155 1644 230 1667 cem
261 1635 376 1668 urbem
407 1637 674 1679 antiquissimam
704 1638 860 1670 obtinue-

155 1690 248 1723 runt,
273 1696 293 1717 a
320 1686 436 1718 Plinio
467 1692 503 1718 et
525 1687 698 1719 Strabone
714 1688 859 1729 Leleges

155 1735 258 1767 etiam
273 1735 458 1775 dicuntur3
484 1738 619 1768 nomine
639 1736 796 1777 forsitan,
822 1744 861 1769 ut

156 1786 304 1826 conjecit
327 1786 598 1827 Commentator,
629 1787 672 1819 ab
701 1787 766 1819 isto
798 1789 860 1819 Le-

157 1837 231 1876 lege
249 1841 417 1868 mutuato.

198 1887 376 1928 Panopeus]
392 1887 499 1918 Phoci
517 1888 653 1920 videtur
668 1898 742 1921 esse
757 1889 859 1929 filius,

154 1948 173 1968 a
188 1947 256 1980 quo
273 1938 437 1978 Panopen
461 1937 540 1969 urbs
559 1938 722 1971 Phocidis
737 1949 858 1971 nomen

154 1987 283 2026 habuit,
300 1992 337 2018 ut
354 1993 452 2019 notat
469 1988 669 2020 Pausanias.

196 2038 334 2079 Hyleus]
368 2037 436 2070 Hic
468 2047 534 2069 una
561 2048 637 2069 cum
668 2039 790 2070 Rhoeto
816 2040 859 2071 ab

155 2088 329 2128 Atalanta,
349 2089 403 2119 cui
423 2088 487 2118 vim
513 2085 635 2119 afferre
661 2094 858 2130 paraverat,

153 2139 296 2172 occisus.

194 2193 257 2222 313
283 2189 459 2231 Hippasus]
501 2189 604 2221 Hunc
631 2198 765 2231 quoque
793 2190 858 2220 Eu-

152 2241 220 2282 ryti
242 2239 349 2272 filium
366 2240 525 2281 Hyginus
549 2241 637 2273 inter
653 2240 728 2282 apri
756 2249 857 2271 vena-

154 2297 247 2324 tores
263 2296 434 2324 recenset.

197 2342 328 2382 Neotor]
364 2342 432 2373 Hic
459 2342 515 2373 ille
538 2345 590 2373 est
613 2347 734 2383 postea
753 2351 857 2374 senex

151 2393 249 2435 eujus
266 2397 449 2434 tantopere
469 2392 662 2434 prudentia,
681 2394 783 2435 longa
804 2403 858 2425 ac·

154 2444 282 2486 quisita
297 2448 416 2484 aetate,
433 2453 451 2474 a
466 2444 576 2485 poetis
591 2444 859 2476 commendatur.

196 2498 258 2526 314
276 2494 473 2535 Hippocoon]
490 2493 767 2526 Lacedaemonius
782 2493 860 2535 fnit,

155 2546 253 2587 cujus
264 2545 361 2583 filios,
372 2546 590 2586 Enaesimum,
603 2545 744 2585 Alcona,
756 2545 860 2587 Amy-

155 2607 244 2636 cum,
260 2601 296 2629 et
320 2597 531 2638 Dexippum,
557 2597 670 2638 priore
701 2603 861 2639 excepto,

156 2646 211 2688 qui
241 2646 284 2677 ab
315 2657 399 2688 apro
428 2647 574 2687 interiit,
605 2647 770 2680 Hercules
795 2658 860 2680 una

156 2706 233 2728 cum
251 2702 348 2737 patre
365 2697 504 2728 occidit.

198 2745 354 2786 Amyclis]
406 2746 556 2778 Fuerunt
595 2746 749 2788 Amyclae
781 2748 858 2779 urbs

157 2797 328 2837 Laconum,
359 2796 403 2828 nb
433 2796 578 2837 Amycta
608 2797 859 2830 Lacedaemonis

914 1585 984 1619 filio
999 1586 1177 1619 aedific'atae
1195 1592 1230 1620 et
1245 1588 1506 1629 cognominatae.

957 1640 1018 1670 315
1045 1638 1274 1679 Penelopesque
1287 1637 1385 1678 socer]
1400 1639 1544 1670 Laertes
1558 1643 1623 1680 est,

915 1689 1048 1730 Ulyssis
1063 1695 1177 1730 pater.

958 1739 1089 1779 Ancoeo]
1143 1739 1234 1770 Huic
1265 1740 1456 1780 Lycurgum
1490 1744 1623 1779 patrem

916 1790 1174 1830 assignaverunt
1190 1788 1392 1830 Apollonius
1413 1794 1448 1820 et
1465 1789 1623 1830 Hyginus

915 1840 949 1871 in
966 1844 1164 1871 venatorum
1188 1839 1358 1879 catalogo.
1404 1837 1511 1870 Arcas
1539 1837 1624 1877 fuit;

915 1900 992 1922 nam
1019 1889 1203 1922 Parrhasia
1227 1888 1306 1920 urbs
1329 1892 1382 1920 est
1405 1893 1440 1920 et
1463 1887 1623 1920 Arcadiae

916 1940 1127 1980 regiuncula.

957 1993 1022 2021 316
1044 1989 1246 2030 Ampycides]
1275 1989 1419 2029 Mopsus
1432 1993 1483 2020 est
1495 1988 1625 2030 Ampy-

915 2041 945 2071 ci
963 2040 1063 2080 filius,
1075 2040 1154 2072 ideo
1171 2050 1272 2080 sagax
1287 2040 1376 2080 quod
1394 2046 1490 2071 vates
1504 2039 1581 2072 fuit.

956 2093 1018 2122 317
1036 2090 1190 2130 OEclides]
1206 2089 1448 2131 Amphiaraum
1461 2090 1625 2131 intellige,

913 2140 1022 2174 (Eclei
1038 2139 1144 2172 filium
1160 2151 1168 2179 ;
1191 2141 1248 2182 qui
1266 2139 1473 2172 vaticinandi
1490 2139 1624 2181 peritis·

913 2191 1016 2223 simus
1046 2201 1122 2222 cum
1147 2200 1166 2221 a
1191 2191 1351 2222 Thebano
1378 2190 1468 2222 bello
1494 2201 1530 2222 se
1557 2200 1624 2222 non

913 2241 1104 2273 rediturum
1138 2241 1368 2282 cognovisset,
1406 2241 1469 2281 ita,
1505 2251 1549 2273 ne
1583 2251 1624 2273 eo

913 2291 1201 2334 proficisceretur,
1237 2292 1402 2331 latitavit,
1433 2296 1472 2324 ut
1509 2297 1623 2324 tamen

913 2343 1012 2374 uxori
1028 2343 1213 2384 Eriphylae,
1230 2353 1328 2384 quam
1342 2342 1538 2375 fidissimam
1551 2353 1624 2376 cre·

913 2394 1031 2434 debat,
1056 2394 1168 2426 omnia
1190 2394 1406 2426 indicaverit.
1453 2395 1519 2426 lna
1543 2404 1624 2427 vero

916 2454 1018 2476 aureo
1048 2445 1165 2475 monili
1201 2445 1242 2476 ab
1274 2444 1425 2477 Adrasto
1459 2450 1623 2486 corrupta

914 2495 1074 2526 maritum
1114 2494 1289 2535 predium
1333 2496 1390 2537 qui
1420 2495 1621 2527 Thebanum

915 2555 1033 2586 agrum
1066 2545 1237 2586 ingressus
1265 2555 1331 2577 uua
1370 2556 1445 2578 curu
1474 2554 1575 2576 curru
1602 2554 1622 2576 a

916 2597 1040 2628 tellure
1058 2595 1123 2627 fuit
1140 2596 1334 2637 absorptus.

960 2647 1107 2688 Tegean]
1155 2647 1352 2678 Atalantam
1377 2646 1473 2683 dicit,
1496 2643 1621 2677 sormo-

914 2698 1077 2729 sissimam
1116 2698 1274 2739 puellam,
1307 2697 1422 2736 Tegea
1458 2694 1619 2728 Arcadiae

914 2748 997 2779 urbe
1014 2747 1204 2779 oriundam.

957 2797 1080 2839 Lyca-i]
1110 2796 1176 2830 Qui
1195 2794 1349 2827 Arcadiae
1367 2798 1432 2826 est.
