1831 3023
174 267 289 310 1576
655 278 695 307 P.
727 273 887 306 0v1n11
918 274 1131 308 NAsonis

174 372 272 414 Nec
291 371 629 413 Telamoniades
650 370 785 411 etiam
805 381 919 410 nunc
938 369 1105 412 hiscere
1125 371 1361 425 quicquam
1392 389 1395 390 ⁷

173 439 328 480 Ausit:
358 443 402 480 at
418 451 549 478 ausus
569 440 661 477 erat
678 450 807 488 reges
829 436 1044 478 incessere
1064 438 1190 479 dictis

174 506 409 554 Thersites,
432 505 560 544 etiam
577 517 654 555 per
673 516 741 543 me
757 503 869 544 haud
891 503 1082 557 impune,
1105 504 1337 558 protervis,

175 572 345 624 Erigor,
365 575 408 611 ct
423 570 616 622 trepidos
637 571 757 611 cives
776 571 975 612 exhortor
994 573 1040 612 in
1057 572 1225 613 hostem
1242 585 1251 614 :

176 638 489 689 Amissamque
510 649 609 676 mea
629 638 829 678 virtutem
846 650 957 679 voce
977 652 1178 692 reposco,

175 705 390 757 Tempore
411 704 465 744 ab
484 704 582 753 hoc,
605 704 913 758 quodcumque
934 709 1076 759 potest
1094 706 1250 746 fecisse
1270 704 1409 746 videri

177 771 366 811 Fortiter
384 772 482 820 iste,
503 784 645 812 meum
666 775 754 813 est:
787 773 862 825 qui
884 773 1054 814 dantem
1071 776 1188 825 terga
1206 772 1384 813 retraxi.

178 838 381 891 Denique
403 839 457 879 de
475 839 646 879 Danais
665 840 762 890 quis
778 843 819 878 te
837 839 1045 878 laudatve
1066 840 1230 890 petitve
1243 841 1262 879 ‘i

176 905 239 947 At
259 918 339 946 sua
357 906 552 959 Tydides
572 917 745 945 mecum
762 904 1051 945 communicat
1071 907 1172 944 acta
1190 917 1199 944 :

180 973 256 1014 Me
276 974 457 1026 probat:
491 978 535 1014 et
554 972 680 1012 socio
703 985 876 1025 semper
896 971 1076 1012 confidit
1097 970 1246 1011 Ulixe.

179 1039 260 1080 Est
280 1040 462 1094 aliquid,
485 1040 538 1080 de
558 1044 625 1080 tot
647 1039 876 1080 Graiorum
896 1039 1106 1087 millibus,
1127 1050 1263 1077 unum

179 1106 220 1146 A
243 1106 458 1147 Diomede
479 1107 578 1159 legi.
641 1105 737 1147 Nec
759 1119 828 1146 me
847 1118 941 1147 sors
962 1105 1024 1146 ire
1039 1105 1248 1159 jubebat:

181 1174 254 1215 Sic
275 1177 419 1214 tamen
441 1178 485 1214 et
504 1177 648 1227 spreto
669 1173 898 1227 noctisque
918 1172 1146 1226 hostisque
1166 1169 1348 1224 periclo,

1534 635 1622 679 235

1541 971 1627 1012 240

180 1316 302 1346 comites
313 1326 425 1357 pavore
437 1317 579 1348 territos:
603 1327 695 1358 neque
725 1316 896 1347 Telamonis
911 1316 1002 1357 filius
1018 1315 1110 1346 etiam
1125 1324 1203 1345 nunc
1218 1315 1329 1345 audeat
1344 1312 1502 1354 quicquam
1515 1313 1629 1345 dicere.

178 1360 223 1388 At
241 1358 395 1389 Thersites
409 1369 468 1389 non
483 1360 599 1390 veritus
620 1364 687 1391 erat
703 1360 848 1390 conviciis
864 1361 1007 1390 lacessere
1021 1367 1109 1396 reges
1122 1368 1134 1394 ;
1157 1359 1250 1387 etiam
1263 1357 1342 1387 haud
1356 1357 1480 1396 impune
1491 1357 1632 1397 petulan-

181 1401 261 1431 tibus
271 1410 328 1440 per
351 1411 408 1432 me.
443 1403 611 1441 Exsurgo,·
634 1406 725 1442 atque
741 1402 826 1440 erigo
849 1402 882 1432 in
898 1402 1012 1431 hostem
1029 1400 1124 1429 socios
1147 1400 1282 1438 timidos,
1297 1403 1325 1429 et
1341 1401 1469 1429 accendo
1484 1400 1632 1430 virtutem

181 1443 351 1473 extinctam
365 1453 432 1473 mea
448 1454 529 1475 voce.
576 1444 730 1484 Quicquid
746 1444 816 1480 iste,
840 1453 928 1483 quem
947 1443 1125 1481 fugientem
1141 1442 1263 1479 reduxi,
1287 1444 1388 1481 potest
1403 1441 1502 1471 videri
1518 1440 1633 1478 fecisse

181 1485 265 1515 abeo
281 1488 426 1524 tempore,
444 1495 541 1515 meum
565 1490 622 1516 est.
671 1486 815 1525 Denique
838 1486 905 1524 quis
929 1495 968 1515 ex
997 1485 1117 1515 Groecis
1144 1488 1174 1514 te
1197 1484 1307 1524 probat
1332 1487 1387 1514 aut
1407 1482 1542 1523 qaaerz't?
1584 1483 1631 1513 At

183 1527 317 1566 Tydides
332 1537 377 1557 me
400 1528 583 1566 participem
600 1527 685 1565 facit
700 1537 822 1558 suorum
839 1527 1022 1564 factorum.-
1046 1537 1092 1557 me
1109 1527 1227 1565 laudat,
1252 1530 1280 1557 et
1303 1535 1420 1565 semper
1434 1525 1507 1555 bene
1526 1527 1630 1564 sperat

187 1569 295 1608 L'Iysse
312 1569 431 1599 comite.
479 1570 538 1599 Est
565 1570 681 1610 aliquid
708 1569 804 1609 deligi
823 1570 919 1599 sotum
943 1580 961 1599 a
988 1569 1137 1599 Diomede
1162 1569 1247 1599 inter
1263 1571 1307 1598 tot
1323 1568 1423 1598 millia
1441 1567 1631 1597 Graecorum.

182 1611 288 1650 Neque
302 1620 368 1642 sors
382 1611 506 1650 cogebat
521 1622 568 1642 me
590 1612 765 1653 proficisci:
787 1612 832 1642 sic
854 1615 954 1642 tamen
978 1614 1007 1642 et
1023 1612 1160 1651 neglecto
1175 1610 1351 1641 discrimine
1366 1609 1464 1640 noctis
1479 1612 1509 1640 et
1525 1608 1633 1649 hostis,

788 1697 1019 1709 eeeeeoaeo-eeeo

179 1765 364 1796 rint—230
380 1766 555 1803 Langerm.
571 1765 715 1795 concitat
724 1762 873 1795 A.—232
883 1763 983 1802 Vulg.
997 1762 1100 1793 Audet
1113 1765 1142 1792 et
1153 1771 1245 1793 ausus
1254 1765 1330 1792 erat.
1355 1760 1479 1792 Audeat
1490 1770 1543 1802 pr.
1556 1760 1631 1792 Pal.

182 1817 232 1847 pr.
245 1808 286 1838 V.
301 1808 462 1838 Cantabr.
476 1807 525 1837 Fl.
540 1807 574 1837 S.
592 1807 715 1845 Marci,
727 1806 846 1837 Urbin,
858 1815 910 1845 pr.
929 1805 1056 1836 Erfurt.
1070 1809 1105 1835 et
1120 1814 1179 1835 sex
1195 1805 1269 1835 alii:
1294 1804 1398 1834 Audet
1414 1806 1448 1834 ut
1460 1804 1632 1843 Bernegg.

182 1850 311 1880 Tlman.
335 1859 401 1880 sec.
424 1850 497 1880 Pal.
522 1849 550 1880 Ι.
567 1855 603 1879 et
633 1849 825 1889 quindecim
842 1848 919 1879 alii:
942 1848 1058 1886 Audet,
1081 1850 1113 1877 at
1143 1856 1234 1877 ausus
1259 1846 1391 1877 Arund.
1415 1847 1501 1876 alter
1527 1845 1632 1876 Ham-

183 1892 280 1931 bnrg.
306 1897 341 1923 et
358 1892 413 1922 alii
430 1891 546 1922 decem
560 1902 566 1921 z
590 1892 693 1921 Ausus
708 1895 740 1921 at
755 1900 846 1921 ausus
861 1900 945 1921 unus
961 1889 1002 1921 A.
1040 1889 1139 1920 Audit
1153 1893 1182 1919 et
1199 1898 1288 1919 ausus
1304 1898 1388 1919 uuus
1413 1888 1530 1918 Heins.
1548 1887 1633 1918 alius

182 1935 284 1964 Ausus
297 1938 326 1965 et
343 1944 452 1965 ausus:
477 1934 519 1965 Ο.
543 1934 635 1964 Ausit
651 1937 681 1964 et
696 1943 797 1964 ausus.
840 1933 938 1964 Unde
956 1932 1076 1963 Heius.
1093 1931 1222 1962 suadet.
1266 1931 1378 1962 Ausit:
1401 1933 1434 1960 at
1449 1939 1539 1960 ausus
1553 1933 1633 1960 erat.

181 1976 330 2007 Berolin.
356 1986 425 2016 reg.
441 1978 585 2006 lacessere
600 1977 778 2007 dict—233
807 1975 965 2006 Protercz's
982 1984 1043 2014 pro
1060 1974 1148 2014 vulg.
1171 1976 1329 2014 protervus
1353 1972 1488 2013 reponit
1511 1971 1631 2002 Heins-

182 2020 287 2049 --234
311 2019 412 2049 Multi
430 2019 548 2059 scripti
564 2022 643 2058 περ.
659 2019 875 2049 hostes.—-—235
901 2017 1004 2048 Multi
1032 2027 1101 2047 voce
1116 2015 1264 2054 refundo:
1288 2016 1455 2054 Bernegg.
1482 2024 1531 2054 pr.
1552 2014 1632 2045 Bas.

184 2065 218 2090 et
247 2059 378 2091 Arund.
405 2071 465 2102 pro
492 2062 625 2091 diversa
652 2061 731 2091 lect.
754 2070 885 2100 repono,·
907 2069 991 2089 unus
1014 2060 1164 2098 rependo.-
1203 2058 1321 2088 Heins.
1348 2061 1444 2097 putat
1471 2056 1633 2096 reprendo,

184 2106 221 2132 ut
238 2103 278 2133 ad
296 2103 467 2143 fugientes
484 2104 592 2134 socios
610 2103 892 2142 1·espiciat.—237
917 2101 983 2132 Alii
1001 2111 1086 2141 quem
1104 2111 1164 2140 pro
1180 2101 1242 2140 qui.
1286 2099 1419 2129 Deinde
1443 2098 1522 2130 Jun.
1549 2100 1633 2135 terg.

182 2145 317 2181 πτάκα-ῖς
341 2146 441 2176 Cant.
465 2146 714 2184 repressi.—238
738 2144 894 2175 Menai-d.
921 2149 956 2174 et
981 2144 1063 2173 alius
1091 2144 1172 2173 laud.
1194 2141 1457 2181 prolative—240
1480 2139 1633 2170 Berolin.

187 2188 250 2216 Ore
269 2187 358 2226 prob.
377 2189 475 2228 Mox,
492 2188 542 2218 Fl.
556 2188 590 2218 S.
607 2187 714 2218 Marci
730 2187 833 2217 habet
854 2186 1062 2217 Utin—243
1086 2185 1120 2215 S.
1141 2184 1264 2222 Marci,
1288 2183 1327 2214 R.
1355 2192 1406 2223 pr.
1425 2181 1512 2212 alter
1528 2180 1634 2212 Ham-

836 2284 979 2316 NOTAE

225 2375 286 2403 231
308 2371 550 2412 Telamoniades]
574 2371 677 2412 Ajax,
693 2370 882 2401 Telamonis
929 2368 1041 2406 secisse
1056 2367 1190 2406 videtur,
1211 2366 1270 2397 sed
1283 2368 1382 2406 potest
1394 2364 1492 2396 videri
1500 2363 1632 2402 fecisse:

182 2422 282 2454 filius.
938 2423 975 2448 nt
1002 2418 1148 2448 maxima
1176 2417 1220 2447 sit
1245 2415 1412 2447 factorum
1436 2413 1550 2455 AJacis
1577 2423 1634 2445 ex-

227 2475 289 2503 233
317 2471 486 2511 Thersites]
517 2470 781 2501 Invidiosissime
798 2469 882 2499 etin

184 2521 327 2561 Ajacem
344 2521 555 2551 acerbissime
580 2519 759 2560 turpissimi
784 2519 882 2549 istius

183 2576 219 2602 et
235 2570 478 2611 protervissimi
501 2569 643 2601 hominis
665 2569 727 2600 hoc
750 2570 782 2599 in
809 2569 882 2599 loco

185 2620 335 2652 meminit
350 2620 500 2660 UlysseS.

228 2670 324 2700 Haud
340 2669 478 2709 impune]
506 2668 665 2699 Graviter
680 2677 824 2708 namque
841 2667 881 2697 ab

184 2720 305 2760 Ulysse
320 2729 497 2760 percussus
510 2718 576 2749 fuit
592 2719 688 2750 homo
705 2717 882 2758 impudens

184 2770 377 2809 ctiueptuS.

224 2824 287 2851 2:50
319 2819 445 2860 Potest]
488 2819 567 2851 Non
595 2818 682 2849 dixit
701 2817 793 2857 fecit,
823 2820 880 2847 aut

937 2468 1098 2499 tenuatio.

979 2520 1042 2549 242
1066 2518 1133 2548 Nec
1148 2526 1195 2548 me
1210 2515 1288 2555 sors]
1325 2512 1541 2546 Veteratorie
1558 2522 1634 2553 pro-

937 2566 1029 2598 fecto
1056 2567 1146 2607 quod
1170 2566 1260 2597 laudi
1284 2570 1358 2596 erat
1382 2564 1575 2594 adversario
1598 2562 1634 2593 iu

938 2626 1010 2648 sese
1029 2617 1167 2657 Ulysses
1196 2625 1270 2647 cum
1299 2615 1388 2645 illius
1412 2612 1634 2643 diminutione

936 2667 1080 2699 derivat.
1134 2667 1256 2698 Tacite
1276 2665 1363 2697 enim
1381 2664 1521 2705 Ajacem
1538 2664 1635 2704 quasi

936 2723 1027 2749 sorte
1044 2723 1197 2749 coactum
1213 2727 1288 2747 curu
1311 2715 1463 2746 Hectore
1478 2722 1636 2754 congres-

936 2778 1005 2798 sum
1030 2768 1158 2805 innuit;
1181 2776 1257 2798 cum
1272 2766 1345 2807 ipse
1362 2768 1485 2806 sponte
1499 2772 1559 2795 sua
1575 2772 1634 2804 pe·

933 2819 1040 2850 ricula
1056 2818 1195 2850 subiret.
