1831 3023
233 212 346 255 1202
483 204 492 214 ’
717 223 759 252 P.
792 220 950 252 ovmn
984 220 1198 252 NAsoms

233 319 322 360 Ore
342 330 529 360 excussa
546 317 657 371 lupi,
678 315 871 357 nondum
891 316 974 356 sibi
992 319 1086 355 tuta
1105 315 1297 356 videtur:

233 384 382 438 thue
403 384 619 433 columba,
641 396 720 423 suo
739 382 996 422 madefactis
1019 383 1227 433 sanguine
1244 379 1423 433 plumiS,

233 451 403 493 Horret
415 451 568 499 adhuc,
586 449 828 500 avidosque
846 448 980 495 timet,
999 448 1159 499 quibus
1176 448 1377 496 haeserat,
1394 457 1574 499 ungues.
1592 445 1678 487 530

233 519 349 561 Mox
369 519 443 558 ubi
467 530 585 557 mens
607 516 756 565 rediit;
787 525 945 566 passos
966 514 1129 554 laniata
1149 514 1352 568 capillos,

232 585 438 641 [Lugenti
460 582 634 630 similis,
659 580 787 621 caesis
808 580 1019 632 plangore
1031 580 1249 632 'lacertis,]

234 651 471 694 Intendens
493 649 677 701 palmas,
702 648 789 687 Pro
810 647 928 694 diris,
952 646 1156 697 Barbare,
1178 647 1322 697 factiS,

235 719 324 761 Pro
347 717 546 764 crudelis,
566 716 649 755 ait!
680 727 760 754 nec
780 718 823 752 te
843 713 1050 753 mandata
1069 715 1257 766 parentis

237 786 350 827 Cum
370 783 573 837 lacrymis
595 793 767 821 movere
789 780 891 832 piis,
914 792 991 820 nec
1012 793 1114 820 cura
1133 781 1310 830 sororis,
1596 777 1682 819 535

234 853 335 894 Nec
356 865 453 893 mea
472 851 711 902 virginitas,
731 860 812 887 nec
835 848 1101 902 conjugialia
1115 847 1249 900 jura?

238 920 399 961 Omnia
419 917 629 958 turbasti:
660 915 809 967 pellex
831 927 910 966 ego
930 915 1049 955 facta
1067 915 1252 954 sororis:

237 987 307 1028 Tu
327 985 522 1038 geminus
543 981 730 1034 conjux:
761 994 850 1021 non
872 981 966 1021 haec
986 982 1088 1021 mihi
1108 981 1255 1022 debita
1270 993 1418 1034 poena.

238 1052 357 1102 Quin
377 1052 563 1092 animam
580 1049 692 1089 hanc
711 1048 784 1103 (ne
805 1048 918 1102 quod
939 1047 1113 1088 facinus
1134 1049 1227 1098 tibi,
1249 1047 1428 1102 perfide,
1448 1042 1598 1100 restet)

238 1119 413 1172 Eripis?
446 1122 576 1170 atque
593 1116 758 1157 utinam
777 1116 957 1156 fecisses
974 1119 1070 1155 ante
1088 1115 1301 1155 nefandos
1599 1111 1682 1154 540

236 1184 536 1226 Concubitus!
566 1195 731 1223 vacuas
747 1183 1001 1222 habuissem
1022 1182 1217 1221 criminis
1233 1182 1426 1221 umbras.

239 1251 287 1292 Si
306 1256 450 1293 tamen
467 1252 564 1292 haec
584 1250 743 1304 Superi
765 1253 965 1300 cernunt3
997 1249 1035 1289 si
1055 1249 1231 1288 numina
1247 1247 1411 1288 Divum

239 1318 352 1359 Sunt
373 1318 567 1371 aliquid;
600 1318 638 1358 si
658 1330 744 1357 non
765 1317 984 1369 perierunt
1004 1316 1152 1356 omnia
1171 1328 1341 1356 mecum
1358 1328 1369 1366 ;

241 1383 617 1437 Quandocumque
636 1383 741 1423 mihi
760 1395 917 1436 poenas
938 1382 1078 1423 dabis.
1138 1382 1263 1434 Ipsa,
1290 1381 1458 1434 pudore

240 1451 464 1505 Projecto,
484 1454 559 1491 tua
577 1449 696 1490 facta
714 1449 885 1502 loquar.
945 1448 992 1488 Si
1013 1449 1144 1502 copia
1163 1448 1300 1497 detur,
1600 1447 1685 1487 545

241 1517 296 1558 In
313 1517 506 1571 populos
526 1517 721 1557 veniam:
754 1515 792 1555 si
815 1515 951 1568 sylvis
972 1516 1127 1556 clausa
1146 1514 1342 1564 tenebor,

239 1583 442 1638 Implebo
464 1584 628 1637 sylvas,
649 1585 691 1623 et
709 1581 886 1622 conscia
905 1595 1030 1631 saxa,
1054 1581 1257 1635 querelis.

238 1650 408 1692 Audiat
426 1651 524 1692 haec
545 1650 692 1698 aether,
713 1651 754 1689 et
777 1649 816 1688 si
837 1648 963 1688 Deus
982 1649 1096 1690 ullus
1118 1650 1163 1689 in
1181 1648 1255 1689 illo
1275 1651 1354 1689 est.

238 1780 360 1817 timida,
370 1789 435 1819 quae
443 1779 604 1809 vulnerata
613 1780 717 1818 erepta
719 1776 866 1815 faucibus
879 1777 992 1808 veteris
1001 1777 1078 1818 lupi,
1088 1779 1220 1809 nondum
1230 1777 1290 1808 sibi
1303 1777 1425 1807 videtur
1434 1785 1541 1808 secura
1553 1786 1565 1814 ;
1575 1779 1606 1808 et
1617 1780 1686 1809 tan-

239 1833 329 1863 quam
350 1821 499 1861 columba,
519 1821 632 1862 plumis
646 1820 710 1851 suis
730 1820 874 1850 irroratis
884 1828 937 1850 suo
952 1820 1114 1860 sanguine,
1129 1822 1217 1852 timet
1230 1821 1329 1850 adhuc
1342 1822 1435 1859 atque
1449 1819 1552 1850 horret
1566 1829 1685 1859 ungues

238 1874 359 1906 asperos
373 1865 458 1895 intra
473 1873 546 1903 quos
552 1862 673 1900 fuerat.
718 1863 798 1893 Mox
812 1862 863 1893 ubi
873 1862 994 1893 animus
1008 1862 1113 1903 rediit,
1133 1863 1318 1902 discerptum
1331 1871 1446 1893 comam
1457 1861 1583 1902 habem,
1596 1862 1686 1893 simi·

237 1908 278 1938 lis
293 1907 420 1946 lugenti,
434 1906 568 1936 brachiis
581 1905 714 1936 contusis
721 1906 906 1945 plangendo,
930 1905 1093 1944 porrigens
1113 1915 1231 1943 manus,
1247 1905 1326 1943 Pro,
1340 1904 1452 1944 inquit,
1466 1903 1620 1943 Barbare,
1633 1914 1685 1936 ne-

227 1950 331 1986 fando
339 1949 496 1988 facinore,
509 1958 563 1988 pro
571 1947 654 1986 sere,
668 1957 761 1986 neque
773 1946 863 1985 jussa
888 1947 993 1987 patris
1007 1957 1075 1977 cum
1090 1947 1233 1987 lacrymis
1257 1947 1318 1986 piis
1341 1950 1370 1977 te
1394 1947 1576 1985 tetigerunt,
1590 1956 1686 1986 neque

239 2001 325 2021 amor·
338 1990 463 2029 sororis,
486 1999 579 2029 neque
594 1999 660 2020 mea
674 1989 852 2027 virginitas,
873 1999 965 2029 neque
982 1989 1106 2027 foedera
1129 1988 1320 2019 connubialia
1333 1986 1349 2018 ?
1395 1988 1508 2018 Omnia
1519 1988 1684 2019 miscuisti.

241 2034 312 2071 Ego
325 2042 393 2063 sum
407 2031 498 2069 facta
512 2032 653 2062 adultera
671 2031 780 2070 sorori,
804 2034 839 2061 tu
854 2032 984 2061 maritus
997 2030 1130 2069 utrique.
1177 2032 1248 2061 Non
1265 2040 1331 2060 sum
1346 2030 1441 2068 digna
1455 2029 1510 2060 hoc
1523 2030 1683 2070 suppliciO.

243 2073 446 2110 Quamobrem
460 2083 520 2104 non.
543 2073 638 2112 eripis
660 2073 736 2102 hanc
756 2072 900 2110 animam,
925 2083 962 2103 ne
977 2073 1055 2111 quod
1069 2072 1157 2110 nefas
1172 2072 1230 2103 tibi
1245 2073 1336 2111 desit,
1348 2071 1463 2112 perfide
1473 2069 1489 2102 2²
1509 2075 1601 2111 atque
1624 2073 1685 2103 uti·

239 2127 313 2147 nam
326 2116 486 2155 eripuisses
499 2118 571 2145 ante
585 2116 723 2145 scelestos
738 2115 913 2144 concubitus
925 2114 940 2145 ,Ι
963 2113 1132 2145 habuissem
1143 2115 1254 2144 NIanes
1266 2115 1332 2145 sine
1346 2114 1484 2145 crimine.
1527 2112 1566 2144 Si
1580 2117 1684 2146 tamen

240 2159 300 2191 Dii
314 2159 378 2189 hoec
391 2157 506 2196 vident,
520 2157 547 2187 si
560 2160 695 2196 potestas
710 2166 812 2186 eorum
826 2159 871 2186 est
885 2156 1015 2195 aliquid,
1030 2157 1058 2186 si
1072 2156 1172 2187 omnia
1196 2166 1255 2186 non
1275 2156 1462 2186 interierunt
1482 2164 1610 2194 mecum,
1625 2157 1683 2187 ali-

239 2201 357 2241 quando
382 2200 515 2230 exsolves
541 2198 619 2229 mihi
644 2208 758 2238 parnas,
805 2198 874 2237 Ego
896 2198 962 2237 ipsa
985 2198 1148 2238 propalabo
1176 2202 1231 2229 tua
1247 2198 1394 2236 facinora
1406 2199 1520 2238 pudore
1533 2199 1682 2237 neglecto.

241 2243 400 2283 Siquidem
415 2241 491 2272 mihi
512 2240 601 2271 liceat
625 2240 763 2271 accedam
784 2241 825 2270 ad
851 2239 985 2270 homines
996 2250 1008 2277 ;
1029 2241 1057 2270 si
1084 2241 1209 2271 tenebor
1234 2242 1335 2271 clausu
1363 2242 1395 2271 in
1422 2239 1605 2281 nemoribus,
1627 2241 1684 2271 im·

237 2285 325 2325 plebo
339 2293 474 2323 nemora,
502 2286 533 2314 et
558 2282 678 2314 movebo
698 2283 815 2323 lapides
830 2282 981 2323 conscios.
1029 2283 1144 2314 Coelum
1168 2284 1252 2314 istud
1276 2283 1396 2322 audiat,
1418 2286 1449 2313 et
1471 2282 1498 2313 si
1514 2282 1583 2322 quis
1595 2283 1683 2314 Deus

844 2387 862 2399 O
865 2385 1077 2400 “mou“

234 2462 346 2501 fremit
357 2472 368 2498 ,-
392 2462 472 2493 Lov.
486 2465 695 2502 pavete—528
719 2462 794 2493 Duo
810 2461 866 2493 lib.
884 2462 985 2493 Dente
999 2472 1063 2493 exc.
1088 2462 1214 2503 Sprotii
1240 2466 1276 2493 et
1302 2471 1385 2493 unus
1400 2462 1487 2493 Mor.
1501 2462 1681 2502 expulsa.—

241 2508 305 2537 529
331 2504 423 2536 Med.
439 2514 522 2535 unus
542 2505 622 2535 Utve
636 2505 691 2536 col.
710 2504 859 2535 Berolin.
876 2505 976 2535 etiam
988 2514 1074 2543 sang.
1089 2505 1310 2544 penum—531
1328 2504 1421 2535 ldem
1436 2514 1557 2544 sparsos
1568 2505 1680 2536 laniat.

241 2549 348 2578 —532
369 2547 468 2577 Tert.
481 2546 575 2577 Med.
591 2547 760 2586 Plungenti
775 2546 845 2577 sim.
869 2547 1038 2583 Heinsius,
1057 2547 1111 2586 qui
1130 2556 1260 2577 versum
1277 2546 1500 2577 adulterinum
1527 2547 1680 2587 putabat,

242 2592 436 2621 tentaverat
466 2589 667 2628 Liventesque
694 2589 778 2619 sinus
792 2599 803 2624 ‚·
835 2589 888 2619 vel
911 2588 1137 2628 fulgentesque,
1154 2589 1206 2618 vel
1229 2589 1534 2628 lucentesque—533
1559 2588 1680 2621 Heius.

242 2631 329 2671 conj.
342 2640 397 2670 pro
411 2631 487 2669 diri,
502 2631 543 2660 B.
557 2629 755 2667 sacti.—535
779 2631 858 2662 Jun.
874 2641 953 2661 mov.
968 2631 1042 2669 suis,
1067 2640 1119 2660 uec
1132 2640 1221 2660 causa
1243 2633 1410 2661 son—538
1434 2630 1595 2671 Plerique
1609 2640 1678 2661 con-

234 2673 296 2711 jux
306 2684 316 2703 :
339 2672 434 2702 hostis
448 2673 524 2703 mihi
534 2672 599 2703 deb.
630 2673 745 2704 Burm.
762 2674 833 2703 vult
848 2683 906 2703 non
917 2673 982 2704 hoec
996 2673 1072 2703 mihi
1083 2672 1200 2703 credita
1211 2675 1417 2713 poena.-—539
1442 2672 1545 2703 Multi
1561 2672 1679 2704 delent

242 2715 280 2744 τὸ
292 2715 379 2745 hanc.
404 2714 496 2746 Desit
521 2724 582 2754 pro
597 2718 691 2746 restet
718 2714 798 2747 Jun.
824 2719 861 2745 et
875 2716 1077 2746 Voss-540
1100 2714 1204 2754 Atque
1219 2715 1316 2746 abest
1342 2724 1385 2746 ex
1412 2714 1679 2746 Heidelb.—542

242 2757 347 2797 Vulg.
368 2756 404 2788 Si
427 2760 530 2788 tamen
554 2757 725 2789 hoa—547
749 2758 830 2789 Lov.
861 2766 945 2788 unus
970 2766 1099 2788 concava
1123 2766 1192 2789 sax.
1214 2757 1364 2790 Berolin.
1387 2757 1465 2790 Sax.
1481 2756 1616 2798 monebo,
1640 2760 1679 2788 et
