1831 3023
236 249 348 290 1620
725 254 765 281 P.
798 251 955 280 ovum
990 251 1200 281 NAsoxis

236 351 392 404 Nuper
413 362 539 403 aquae
558 362 566 388 :
598 345 851 399 placuitque
871 343 977 384 mihi
996 356 1094 384 mea
1111 346 1250 385 forma
1271 343 1448 384 videnti.

238 418 421 472 Aspice,
443 416 526 456 sim
545 415 748 467 quantus,
811 409 916 450 Non
934 414 1004 450 est
1019 410 1101 450 hoc
1119 423 1300 465 corpore
1320 410 1459 463 major

237 486 411 538 Jupiter
431 485 474 523 in
494 481 609 521 coelo
628 493 638 520 ι
669 492 770 519 nam
789 491 868 518 vos
888 490 1061 518 narrare
1081 479 1233 519 soletis

238 553 409 595 Nescio
431 562 562 603 quem
584 560 758 600 regnare
777 545 805 586 J
810 559 951 586 ovem.
1011 544 1153 586 Coma
1170 546 1357 600 plurima
1377 548 1526 585 torvos

236 620 461 662 Prominet
479 617 524 657 in
544 616 704 663 vultus,
737 614 1041 667 humerosque,
1063 617 1109 654 ut
1126 614 1263 663 lucus,
1286 613 1530 653 obumbrat.
1605 610 1689 651 845

238 687 337 729 Nec
359 684 464 724 mihi
483 682 600 737 quod
619 681 770 734 rigidis
789 682 959 722 horrent
978 681 1235 721 densissima
1255 682 1361 721 setis

238 753 457 805 Corpora,
477 755 600 803 turpe
620 753 740 803 puta.
800 748 965 802 Turpis
987 749 1080 788 sine
1101 748 1333 789 frondibus
1354 747 1509 788 arbos:

237 820 399 873 Turpis
420 831 572 872 equus,
595 817 677 856 nisi
699 816 816 854 colla
830 815 953 866 jubae
972 815 1176 854 flaventia
1194 817 1349 856 velent.

236 887 397 928 Pluma
417 886 521 937 tegit
542 884 745 924 volucres
763 894 772 921 :
802 881 957 921 ovibus
978 892 1058 920 sua
1077 880 1178 920 lana
1201 880 1350 920 decori
1369 884 1461 921 est:

238 953 385 994 Barba
403 952 538 999 viros,
558 949 771 1002 hirtaeque
793 947 952 987 decent
971 947 1013 986 in
1035 959 1216 999 corpore
1236 952 1355 986 setae.
1608 945 1691 987 850

238 1019 386 1061 Unum
407 1021 472 1059 est
490 1018 534 1058 in
554 1015 699 1056 media
718 1015 860 1054 lumen
879 1013 986 1053 mihi
1006 1012 1161 1062 fronte,
1184 1013 1264 1052 sed
1282 1014 1417 1053 instar

236 1085 433 1140 Ingentis
454 1084 616 1137 clypei.
677 1081 833 1132 Quid?
865 1093 953 1120 non
972 1080 1068 1120 haec
1090 1079 1238 1119 omnia
1258 1092 1444 1144 magnus

238 1152 316 1193 Sol
337 1152 455 1193 videt
472 1164 495 1191 e
517 1150 666 1191 coelo?
729 1148 824 1188 Soli
845 1150 987 1187 tamen
1008 1146 1163 1187 unicus
1186 1146 1320 1186 orbis.

238 1219 382 1270 Adde,
404 1218 519 1273 quod
541 1219 583 1258 in
606 1220 750 1258 vestro
771 1215 937 1268 genitor
957 1227 1079 1254 meus
1102 1226 1277 1267 aequore
1297 1218 1461 1265 regnat.

240 1287 375 1329 Hunc
395 1286 477 1326 tibi
498 1285 553 1325 do
574 1296 789 1325 socerum.
849 1281 1037 1323 Tantum
1055 1282 1272 1330 miserere,
1293 1293 1533 1334 precesque
1610 1280 1694 1323 855

239 1354 467 1408 Supplicis
488 1352 670 1405 exaudi:
702 1350 782 1391 tibi
799 1350 913 1390 enim
933 1349 1257 1390 succumbimus
1279 1347 1383 1389 uni.'

241 1421 416 1474 Quique
437 1420 465 1460 J
470 1432 612 1467 ovem,
632 1421 677 1458 et
698 1418 861 1458 coelum
883 1429 1054 1470 sperno,
1076 1420 1116 1456 et
1135 1416 1405 1469 penetrabile
1426 1414 1603 1465 fulmen,

244 1508 323 1539 Vide
337 1517 429 1547 quam
443 1506 502 1536 sim
517 1508 631 1536 vastus.
675 1504 803 1544 Jupiter
818 1505 852 1534 in
867 1506 941 1535 coelo
957 1514 1015 1534 non
1031 1507 1076 1534 est
1091 1505 1190 1543 major
1213 1503 1268 1533 hoc
1292 1512 1436 1543 corpore:
1459 1513 1529 1534 nam
1553 1513 1605 1534 vos
1627 1513 1697 1534 con-

238 1550 381 1582 suevistis
392 1549 493 1579 dicere
508 1547 608 1577 nescio
623 1557 710 1586 quem
733 1547 843 1576 Jovem
867 1557 996 1585 regnum
1021 1550 1136 1577 tenere.
1182 1545 1283 1585 Spissi
1308 1546 1413 1586 capilli
1434 1547 1639 1586 porrigantur
1664 1548 1698 1577 in

240 1593 444 1623 truculentam
451 1589 680 1628 faciem,atque
695 1589 776 1626 tegit
790 1598 891 1619 armos
905 1593 1050 1628 tanquam
1062 1590 1159 1629 sylva.
1207 1588 1315 1628 Neque
1330 1589 1505 1618 indecorum
1515 1590 1604 1618 crede
1619 1589 1697 1628 qaod

238 1644 348 1674 corpus
360 1634 442 1671 riget
454 1631 672 1671 spississimum
687 1630 822 1660 horridis
836 1631 922 1660 setis.
967 1630 1071 1660 Arbor
1095 1632 1237 1660 indecora
1257 1631 1324 1660 sine
1337 1630 1449 1666 foliis5
1471 1640 1564 1669 equus
1577 1630 1698 1661 indeco-

239 1687 306 1715 rus,
328 1675 391 1706 nisi
411 1674 495 1713 juboe
508 1675 616 1711 tegant
631 1672 706 1701 colla
717 1671 819 1711 flava.
865 1672 981 1701 Pluma
1003 1673 1083 1701 relat
1098 1680 1190 1706 ιιι-οε,-
1212 1681 1267 1701 sua
1292 1672 1362 1701 lana
1384 1675 1428 1701 est
1452 1673 1554 1701 decori
1580 1672 1698 1703 ovibus.

241 1719 351 1750 Barba
377 1721 422 1748 est
451 1715 558 1746 honori
587 1714 682 1744 viris:
704 1717 776 1743 setoe
797 1713 932 1744 horrida>
958 1714 991 1743 in
1023 1721 1147 1752 corpore
1172 1717 1279 1750 gratae
1310 1717 1397 1743 sunt.
1448 1713 1535 1743 Unus
1561 1717 1607 1743 est
1622 1714 1700 1744 mihi

241 1761 342 1792 oculus
371 1761 404 1790 in
431 1759 534 1789 media
551 1756 673 1795 fronte,
702 1757 754 1786 sed
782 1755 882 1785 instar
905 1755 986 1786 vasti
1011 1755 1119 1795 clypei.
1168 1752 1277 1790 Quid?
1300 1764 1398 1785 annon
1421 1754 1475 1785 Sol
1499 1755 1611 1793 aspicit
1633 1756 1700 1787 haec

241 1803 343 1834 omnia
359 1813 399 1833 ex
421 1804 507 1832 vasto
523 1797 620 1831 coelo?
669 1799 786 1829 Unicus
800 1801 845 1828 est
860 1799 962 1828 oculus
975 1797 1051 1828 Soli.
1096 1798 1196 1835 Adde,
1221 1798 1299 1837 quod
1320 1801 1413 1837 pater
1432 1807 1515 1828 meus
1538 1797 1700 1838 imperium

241 1845 333 1876 habet
348 1846 495 1876 iuvestro
511 1842 601 1873 mari.
648 1842 731 1871 Eum
756 1840 815 1871 tibi
840 1841 937 1881 offero
959 1848 1114 1871 socerum:
1139 1843 1261 1870 tantum
1283 1841 1440 1879 miserere,
1468 1843 1561 1880 atque
1585 1841 1700 1872 exaudi

240 1898 346 1929 preces
360 1887 496 1918 orantis:
520 1894 648 1924 namque
661 1884 720 1914 tibi
734 1884 791 1914 soli
806 1884 965 1914 servimus.
1013 1882 1133 1923 Quique
1154 1886 1313 1913 contemno
1327 1883 1449 1922 Jovem,
1472 1886 1503 1914 et
1526 1884 1646 1923 coelum,
1668 1887 1699 1914 et

846 1953 1085 1972 eeeeeeeeeeeee

243 2019 424 2050 'l'redecim
450 2018 529 2048 libri
557 2018 588 2048 ἱη
618 2017 756 2056 margine
781 2017 950 2048 vid—843
976 2016 1136 2047 Med.F1.
1166 2021 1201 2047 et
1228 2016 1312 2046 alius
1334 2017 1400 2047 coel.
1426 2025 1515 2056 quem
1539 2025 1591 2046 vos
1614 2026 1699 2048 narr.

244 2064 361 2093 Burni.
379 2061 525 2091 malebat
555 2070 611 2100 quo
626 2063 796 2090 voa—844
821 2059 861 2090 In
878 2060 1040 2090 Heidelb.
1057 2069 1120 2090 uno
1139 2060 1177 2090 R.
1195 2064 1230 2089 et
1248 2059 1291 2089 O.
1306 2059 1389 2098 plur.
1405 2061 1538 2090 nostros:
1562 2059 1596 2089 in
1614 2059 1698 2090 eod.

245 2104 409 2135 Politiaui
425 2108 460 2134 et
478 2103 585 2133 tribus
603 2103 676 2132 aliis
685 2102 798 2141 fortes,
822 2103 910 2143 quod
929 2104 1042 2143 placet
1059 2103 1177 2132 Burni.
1195 2101 1252 2142 qui
1268 2100 1377 2131 nescit
1395 2111 1435 2131 an
1453 2105 1522 2131 tam
1537 2101 1698 2132 stolidum

245 2147 397 2187 Cyclopa
419 2146 548 2186 fingere
563 2145 679 2183 liceat,
704 2150 739 2175 ut
755 2148 855 2175 torvos
871 2155 945 2175 suos
963 2146 1073 2175 vultus
1090 2144 1205 2175 amicae
1221 2153 1289 2174 suae
1305 2143 1573 2182 jactaret.—S45
1597 2143 1699 2183 Spro-

245 2189 299 2225 tii,
322 2190 423 2219 Cant.
440 2196 473 2218 et
491 2188 575 2218 Ball.
593 2197 668 2218 cum
686 2187 758 2218 aliis
774 2188 925 2227 plurimis
940 2187 1085 2217 Imminet
1100 2188 1132 2216 in
1149 2187 1223 2216 rull.
1267 2186 1344 2215 Sec.
1361 2186 1401 2215 V.
1424 2187 1458 2214 ut
1473 2184 1547 2214 vitis
1562 2184 1698 2217 obumbr.

244 2233 352 2261 -846
375 2231 461 2259 Mihi
477 2236 527 2259 est
543 2240 583 2260 ex
602 2230 694 2261 Med.
711 2234 745 2259 et
764 2231 805 2261 A.
821 2230 911 2269 vulg.
928 2240 1003 2260 mea.
1048 2228 1190 2259 Plurimi
1216 2228 1318 2257 etiam
1345 2226 1432 2256 duris
1454 2236 1514 2266 pro
1530 2227 1698 2266 rigidis.—

245 2275 306 2303 847
332 2273 462 2302 Probat
496 2271 610 2300 Heius.
635 2281 677 2300 ex
702 2272 895 2301 Genevens.
925 2275 1013 2309 turpe
1043 2273 1086 2300 est
1111 2270 1176 2299 sine
1198 2268 1364 2306 frondibus
1389 2268 1488 2308 arbos,
1510 2273 1548 2299 ut
1571 2270 1606 2300 in
1626 2270 1698 2309 illo,

243 2315 253 2332 ‘
271 2315 383 2354 Turpe
400 2322 502 2343 senex
519 2311 637 2342 miles!
661 2311 829 2350 improbat
843 2313 958 2343 Burm.
983 2312 1061 2352 quia
1077 2312 1242 2351 sequitur,
1265 2316 1272 2327 ‘
1287 2311 1411 2350 Turpis
1427 2310 1558 2351 equus.'
1594 2312 1698 2344 Multi

246 2357 348 2388 etiam
364 2356 574 2386 arbon—848
600 2354 693 2385 Unus
713 2354 807 2384 Leid.
826 2359 861 2385 et
889 2355 938 2384 ΕΙ.
954 2354 1156 2394 flammantia
1170 2354 1277 2384 celent.
1323 2354 1477 2384 Quatnor
1493 2354 1594 2384 etiam
1618 2355 1697 2386 libri

245 2401 470 2431 velana—849
494 2396 589 2428 Leid.
616 2398 756 2427 decorum
785 2400 842 2427 est.
896 2397 1041 2428 Quidam
1067 2396 1104 2426 τὸ
1128 2400 1173 2426 est
1201 2406 1264 2426 non
1293 2395 1537 2426 habent.-852
1560 2396 1698 2436 IlIagnus

246 2438 360 2472 Burni.
380 2440 512 2478 recepit
529 2448 570 2469 ex
594 2439 699 2470 Grou.
718 2439 761 2469 O.
778 2439 853 2470 Pal.
869 2439 962 2470 Med.
986 2443 1021 2469 et
1037 2440 1150 2469 multis
1167 2439 1260 2475 aliis;
1283 2438 1373 2476 vulg.
1397 2448 1531 2477 magno‚·
1554 2439 1643 2480 quod
1660 2444 1697 2470 et

247 2483 420 2515 revocavit
450 2482 743 2513 Mitscherl.—S53
768 2482 847 2513 Jun.
881 2483 914 2512 in
940 2482 1005 2512 coel.
1056 2481 1191 2512 Deinde
1217 2481 1284 2511 Soli
1314 2480 1433 2511 Heius.
1460 2481 1555 2512 dedit
1582 2491 1626 2512 ex
1650 2482 1695 2513 N.

896 2542 1039 2574 NOTAE

289 2623 348 2652 841
374 2618 575 2659 placuitque]
613 2618 702 2649 Illud
734 2628 812 2648 vero
843 2628 942 2649 unum
996 2628 1109 2649 omnes
1127 2618 1188 2649 sibi
1206 2629 1281 2649 cum
1296 2619 1360 2649 isto
1375 2627 1442 2649 non
1458 2617 1672 2658 plauderent.

246 2671 382 2702 aberat!
401 2671 561 2701 Ceterum
579 2669 723 2699 maxime
740 2670 859 2700 vellem
875 2679 942 2699 om-
1040 2672 1102 2700 850
1125 2668 1223 2707 Setoe]
1266 2669 1385 2710 Neque
1413 2668 1516 2699 hodie
1542 2668 1693 2700 homines

244 2721 342 2752 uibus
369 2719 585 2760 Polyphemis
614 2719 827 2758 contingeret
856 2719 941 2750 hanc
996 2720 1159 2760 quosdam
1174 2719 1280 2760 pudet
1296 2728 1417 2760 porcos
1434 2728 1518 2760 esse,
1537 2728 1620 2761 quos
1636 2728 1695 2760 ap-

246 2771 298 2801 sui
318 2770 582 2810 descriptionem
607 2769 793 2809 perlegere.
838 2769 940 2801 Forte
994 2770 1122 2810 pellare
1137 2769 1256 2811 pudet.
