<?xml version="1.0" encoding="UTF-8"?>
<!DOCTYPE html PUBLIC "-//W3C//DTD XHTML 1.0 Transitional//EN"
    "http://www.w3.org/TR/xhtml1/DTD/xhtml1-transitional.dtd">
<html xmlns="http://www.w3.org/1999/xhtml" xml:lang="en" lang="en">
 <head>
  <title>
</title>
<meta http-equiv="Content-Type" content="text/html;charset=utf-8" />
  <meta name='ocr-system' content='tesseract 3.04.00' />
  <meta name='ocr-capabilities' content='ocr_page ocr_carea ocr_par ocr_line ocrx_word'/>
</head>
<body>
  <div class='ocr_page' id='page_1' title='image "./operaomniaexedit03oviduoft_0282.png"; bbox 0 0 1831 3023; ppageno 0'>
   <div class='ocr_carea' id='block_1_1' title="bbox 197 219 722 260">
    <p class='ocr_par' dir='ltr' id='par_1_1' title="bbox 197 219 722 260">
     <span class='ocr_line' id='line_1_1' title="bbox 197 219 722 260; baseline 0 -1"><span class='ocrx_word' id='word_1_1' title='bbox 197 219 309 260; x_wconf 72' lang='lat'>1346</span> <span class='ocrx_word' id='word_1_2' title='bbox 682 230 722 259; x_wconf 79' lang='grc' dir='ltr'>ι’.</span> 
     </span>
    </p>
   </div>
   <div class='ocr_carea' id='block_1_2' title="bbox 755 229 1158 259">
    <p class='ocr_par' dir='ltr' id='par_1_2' title="bbox 755 229 1158 259">
     <span class='ocr_line' id='line_1_2' title="bbox 755 229 1158 259; baseline -0.002 -1"><span class='ocrx_word' id='word_1_3' title='bbox 755 229 910 259; x_wconf 64' lang='lat' dir='ltr'>ormi}</span> <span class='ocrx_word' id='word_1_4' title='bbox 944 229 1158 259; x_wconf 63' lang='lat' dir='ltr'>NASoNis</span> 
     </span>
    </p>
   </div>
   <div class='ocr_carea' id='block_1_3' title="bbox 195 323 1376 445">
    <p class='ocr_par' dir='ltr' id='par_1_3' title="bbox 195 323 1376 445">
     <span class='ocr_line' id='line_1_3' title="bbox 197 323 1259 378; baseline -0.001 -13"><span class='ocrx_word' id='word_1_5' title='bbox 197 324 361 378; x_wconf 78' lang='lat' dir='ltr'><strong>Coepit,</strong></span> <span class='ocrx_word' id='word_1_6' title='bbox 381 323 604 365; x_wconf 84' lang='lat' dir='ltr'>inornatos</span> <span class='ocrx_word' id='word_1_7' title='bbox 623 323 847 365; x_wconf 85' lang='lat' dir='ltr'>redimitus</span> <span class='ocrx_word' id='word_1_8' title='bbox 868 324 1076 364; x_wconf 84' lang='lat' dir='ltr'>arundine</span> <span class='ocrx_word' id='word_1_9' title='bbox 1096 324 1259 364; x_wconf 80' lang='lat' dir='ltr'>crines:</span> 
     </span>
     <span class='ocr_line' id='line_1_4' title="bbox 195 390 1376 445; baseline -0.002 -13"><span class='ocrx_word' id='word_1_10' title='bbox 195 391 339 432; x_wconf 81' lang='lat' dir='ltr'><strong>Triste</strong></span> <span class='ocrx_word' id='word_1_11' title='bbox 358 392 471 445; x_wconf 87' lang='lat' dir='ltr'>petis</span> <span class='ocrx_word' id='word_1_12' title='bbox 491 404 651 432; x_wconf 87' lang='lat' dir='ltr'>munus</span> <span class='ocrx_word' id='word_1_13' title='bbox 669 406 678 432; x_wconf 91' lang='grc'>;</span> <span class='ocrx_word' id='word_1_14' title='bbox 712 392 809 444; x_wconf 91' lang='lat' dir='ltr'>quis</span> <span class='ocrx_word' id='word_1_15' title='bbox 829 393 939 431; x_wconf 91' lang='lat' dir='ltr'>enim</span> <span class='ocrx_word' id='word_1_16' title='bbox 961 405 1041 431; x_wconf 81' lang='lat' dir='ltr'>sua</span> <span class='ocrx_word' id='word_1_17' title='bbox 1060 391 1214 444; x_wconf 81' lang='lat' dir='ltr'>praelia</span> <span class='ocrx_word' id='word_1_18' title='bbox 1233 390 1376 431; x_wconf 84' lang='lat' dir='ltr'>victus</span> 
     </span>
    </p>
   </div>
   <div class='ocr_carea' id='block_1_4' title="bbox 198 456 1255 499">
    <p class='ocr_par' dir='ltr' id='par_1_4' title="bbox 198 456 1255 499">
     <span class='ocr_line' id='line_1_5' title="bbox 198 456 1255 499; baseline -0.002 0"><span class='ocrx_word' id='word_1_19' title='bbox 198 459 542 499; x_wconf 85' lang='lat' dir='ltr'>Commemorare</span> <span class='ocrx_word' id='word_1_20' title='bbox 562 459 697 498; x_wconf 72' lang='lat' dir='ltr'>velit?</span> <span class='ocrx_word' id='word_1_21' title='bbox 729 456 910 496; x_wconf 81' lang='lat' dir='ltr'>referam</span> <span class='ocrx_word' id='word_1_22' title='bbox 930 462 1071 497; x_wconf 83' lang='lat' dir='ltr'>tamen</span> <span class='ocrx_word' id='word_1_23' title='bbox 1092 458 1255 498; x_wconf 85' lang='lat' dir='ltr'><strong>ordine.</strong></span> 
     </span>
    </p>
   </div>
   <div class='ocr_carea' id='block_1_5' title="bbox 1323 455 1646 498">
    <p class='ocr_par' dir='ltr' id='par_1_5' title="bbox 1323 455 1646 498">
     <span class='ocr_line' id='line_1_6' title="bbox 1323 455 1646 498; baseline 0 -1"><span class='ocrx_word' id='word_1_24' title='bbox 1323 455 1422 498; x_wconf 90' lang='lat' dir='ltr'>Nec</span> <span class='ocrx_word' id='word_1_25' title='bbox 1443 460 1531 498; x_wconf 81' lang='lat' dir='ltr'>tam</span> <span class='ocrx_word' id='word_1_26' title='bbox 1617 458 1646 497; x_wconf 85' lang='lat'>5</span> 
     </span>
    </p>
   </div>
   <div class='ocr_carea' id='block_1_6' title="bbox 195 522 1371 779">
    <p class='ocr_par' dir='ltr' id='par_1_6' title="bbox 195 522 1371 779">
     <span class='ocr_line' id='line_1_7' title="bbox 195 522 1371 579; baseline -0.003 -11"><span class='ocrx_word' id='word_1_27' title='bbox 195 527 344 579; x_wconf 80' lang='lat' dir='ltr'>Turpe</span> <span class='ocrx_word' id='word_1_28' title='bbox 364 525 444 566; x_wconf 85' lang='lat' dir='ltr'>fuit</span> <span class='ocrx_word' id='word_1_29' title='bbox 464 525 597 572; x_wconf 87' lang='lat' dir='ltr'>vinci,</span> <span class='ocrx_word' id='word_1_30' title='bbox 620 535 750 575; x_wconf 80' lang='lat' dir='ltr'>quam</span> <span class='ocrx_word' id='word_1_31' title='bbox 771 522 1043 564; x_wconf 83' lang='lat' dir='ltr'>contendisse</span> <span class='ocrx_word' id='word_1_32' title='bbox 1061 526 1264 566; x_wconf 88' lang='lat' dir='ltr'>decorum</span> <span class='ocrx_word' id='word_1_33' title='bbox 1284 526 1371 565; x_wconf 86' lang='lat' dir='ltr'>est:</span> 
     </span>
     <span class='ocr_line' id='line_1_8' title="bbox 197 589 1210 645; baseline 0.003 -15"><span class='ocrx_word' id='word_1_34' title='bbox 197 593 451 645; x_wconf 83' lang='lat' dir='ltr'>Magnaque</span> <span class='ocrx_word' id='word_1_35' title='bbox 469 590 545 629; x_wconf 85' lang='lat' dir='ltr'>dat</span> <span class='ocrx_word' id='word_1_36' title='bbox 565 589 691 628; x_wconf 87' lang='lat' dir='ltr'>nobis</span> <span class='ocrx_word' id='word_1_37' title='bbox 713 592 860 628; x_wconf 81' lang='lat' dir='ltr'>tantus</span> <span class='ocrx_word' id='word_1_38' title='bbox 879 590 1037 631; x_wconf 80' lang='lat' dir='ltr'>solatia</span> <span class='ocrx_word' id='word_1_39' title='bbox 1058 593 1210 633; x_wconf 85' lang='lat' dir='ltr'>victor.</span> 
     </span>
     <span class='ocr_line' id='line_1_9' title="bbox 197 655 1293 709; baseline 0 -9"><span class='ocrx_word' id='word_1_40' title='bbox 197 659 386 700; x_wconf 85' lang='lat' dir='ltr'>Nomine</span> <span class='ocrx_word' id='word_1_41' title='bbox 408 657 444 696; x_wconf 91' lang='lat' dir='ltr'>si</span> <span class='ocrx_word' id='word_1_42' title='bbox 466 657 551 709; x_wconf 80' lang='lat' dir='ltr'>qua</span> <span class='ocrx_word' id='word_1_43' title='bbox 572 667 653 695; x_wconf 92' lang='lat' dir='ltr'>suo</span> <span class='ocrx_word' id='word_1_44' title='bbox 675 655 853 696; x_wconf 83' lang='lat' dir='ltr'>tandem</span> <span class='ocrx_word' id='word_1_45' title='bbox 874 658 1068 708; x_wconf 77' lang='lat' dir='ltr'>pervenit</span> <span class='ocrx_word' id='word_1_46' title='bbox 1091 659 1146 699; x_wconf 85' lang='lat' dir='ltr'>ad</span> <span class='ocrx_word' id='word_1_47' title='bbox 1166 671 1293 700; x_wconf 83' lang='lat' dir='ltr'>aures</span> 
     </span>
     <span class='ocr_line' id='line_1_10' title="bbox 197 723 1273 779; baseline 0.001 -13"><span class='ocrx_word' id='word_1_48' title='bbox 197 724 407 767; x_wconf 84' lang='lat' dir='ltr'>Deianira</span> <span class='ocrx_word' id='word_1_49' title='bbox 428 726 553 772; x_wconf 81' lang='lat' dir='ltr'>tuas3</span> <span class='ocrx_word' id='word_1_50' title='bbox 585 723 806 775; x_wconf 82' lang='lat' dir='ltr'>quondam</span> <span class='ocrx_word' id='word_1_51' title='bbox 827 723 1115 776; x_wconf 83' lang='lat' dir='ltr'>pulcherrima</span> <span class='ocrx_word' id='word_1_52' title='bbox 1134 727 1273 779; x_wconf 84' lang='lat' dir='ltr'>virgo,</span> 
     </span>
    </p>
   </div>
   <div class='ocr_carea' id='block_1_7' title="bbox 198 789 1257 843">
    <p class='ocr_par' dir='ltr' id='par_1_7' title="bbox 198 789 1257 843">
     <span class='ocr_line' id='line_1_11' title="bbox 198 789 1257 843; baseline 0.002 -11"><span class='ocrx_word' id='word_1_53' title='bbox 198 791 530 843; x_wconf 84' lang='lat' dir='ltr'>Multorumque</span> <span class='ocrx_word' id='word_1_54' title='bbox 550 789 631 829; x_wconf 88' lang='lat' dir='ltr'>fuit</span> <span class='ocrx_word' id='word_1_55' title='bbox 651 802 752 843; x_wconf 89' lang='lat' dir='ltr'>spes</span> <span class='ocrx_word' id='word_1_56' title='bbox 773 789 993 831; x_wconf 86' lang='lat' dir='ltr'>invidiosa</span> <span class='ocrx_word' id='word_1_57' title='bbox 1012 804 1257 843; x_wconf 87' lang='lat' dir='ltr'>procorum.</span> 
     </span>
    </p>
   </div>
   <div class='ocr_carea' id='block_1_8' title="bbox 1594 790 1647 830">
    <p class='ocr_par' dir='ltr' id='par_1_8' title="bbox 1594 790 1647 830">
     <span class='ocr_line' id='line_1_12' title="bbox 1594 790 1647 830; baseline 0 0"><span class='ocrx_word' id='word_1_58' title='bbox 1594 790 1647 830; x_wconf 85' lang='lat' dir='ltr'>lo</span> 
     </span>
    </p>
   </div>
   <div class='ocr_carea' id='block_1_9' title="bbox 197 857 1334 979">
    <p class='ocr_par' dir='ltr' id='par_1_9' title="bbox 197 857 1334 979">
     <span class='ocr_line' id='line_1_13' title="bbox 198 857 1334 912; baseline 0.002 -14"><span class='ocrx_word' id='word_1_59' title='bbox 198 857 310 899; x_wconf 87' lang='lat' dir='ltr'>Cum</span> <span class='ocrx_word' id='word_1_60' title='bbox 329 858 488 911; x_wconf 88' lang='lat' dir='ltr'>quibus</span> <span class='ocrx_word' id='word_1_61' title='bbox 507 861 556 898; x_wconf 90' lang='lat' dir='ltr'>ut</span> <span class='ocrx_word' id='word_1_62' title='bbox 577 858 716 898; x_wconf 89' lang='lat' dir='ltr'>soceri</span> <span class='ocrx_word' id='word_1_63' title='bbox 737 857 892 897; x_wconf 90' lang='lat' dir='ltr'>domus</span> <span class='ocrx_word' id='word_1_64' title='bbox 912 861 980 898; x_wconf 85' lang='lat' dir='ltr'>est</span> <span class='ocrx_word' id='word_1_65' title='bbox 1001 858 1162 900; x_wconf 81' lang='lat' dir='ltr'>intrata</span> <span class='ocrx_word' id='word_1_66' title='bbox 1181 860 1334 912; x_wconf 84' lang='lat' dir='ltr'>petiti3</span> 
     </span>
     <span class='ocr_line' id='line_1_14' title="bbox 197 923 1231 979; baseline -0.004 -12"><span class='ocrx_word' id='word_1_67' title='bbox 197 926 367 979; x_wconf 86' lang='lat' dir='ltr'>Accipe</span> <span class='ocrx_word' id='word_1_68' title='bbox 387 938 455 965; x_wconf 91' lang='lat' dir='ltr'>me</span> <span class='ocrx_word' id='word_1_69' title='bbox 475 937 696 977; x_wconf 87' lang='lat' dir='ltr'>generum,</span> <span class='ocrx_word' id='word_1_70' title='bbox 717 923 824 973; x_wconf 82' lang='lat' dir='ltr'>dixi,</span> <span class='ocrx_word' id='word_1_71' title='bbox 846 923 1099 964; x_wconf 74' lang='lat' dir='ltr'>Pax-thaone</span> <span class='ocrx_word' id='word_1_72' title='bbox 1116 927 1231 965; x_wconf 82' lang='lat' dir='ltr'>nate.</span> 
     </span>
    </p>
   </div>
   <div class='ocr_carea' id='block_1_10' title="bbox 200 991 608 1033">
    <p class='ocr_par' dir='ltr' id='par_1_10' title="bbox 200 991 608 1033">
     <span class='ocr_line' id='line_1_15' title="bbox 200 991 608 1033; baseline -0.005 0"><span class='ocrx_word' id='word_1_73' title='bbox 200 993 329 1033; x_wconf 82' lang='lat' dir='ltr'>Dixit</span> <span class='ocrx_word' id='word_1_74' title='bbox 348 996 392 1032; x_wconf 88' lang='lat' dir='ltr'>et</span> <span class='ocrx_word' id='word_1_75' title='bbox 414 991 608 1032; x_wconf 89' lang='lat' dir='ltr'>Alcides.</span> 
     </span>
    </p>
   </div>
   <div class='ocr_carea' id='block_1_11' title="bbox 668 989 1166 1032">
    <p class='ocr_par' dir='ltr' id='par_1_11' title="bbox 668 989 1166 1032">
     <span class='ocr_line' id='line_1_16' title="bbox 668 989 1166 1032; baseline 0.002 -1"><span class='ocrx_word' id='word_1_76' title='bbox 668 989 761 1031; x_wconf 91' lang='lat' dir='ltr'>Alii</span> <span class='ocrx_word' id='word_1_77' title='bbox 783 1004 955 1032; x_wconf 89' lang='lat' dir='ltr'>cessere</span> <span class='ocrx_word' id='word_1_78' title='bbox 975 992 1166 1032; x_wconf 87' lang='lat' dir='ltr'>duobus.</span> 
     </span>
    </p>
   </div>
   <div class='ocr_carea' id='block_1_12' title="bbox 198 1058 1392 1113">
    <p class='ocr_par' dir='ltr' id='par_1_12' title="bbox 198 1058 1392 1113">
     <span class='ocr_line' id='line_1_17' title="bbox 198 1058 1392 1113; baseline -0.001 -12"><span class='ocrx_word' id='word_1_79' title='bbox 198 1060 278 1101; x_wconf 91' lang='lat' dir='ltr'>Ille</span> <span class='ocrx_word' id='word_1_80' title='bbox 299 1059 327 1100; x_wconf 88' lang='lat' dir='ltr'><strong>J</strong></span> <span class='ocrx_word' id='word_1_81' title='bbox 332 1072 458 1100; x_wconf 88' lang='lat' dir='ltr'>ovem</span> <span class='ocrx_word' id='word_1_82' title='bbox 479 1071 677 1100; x_wconf 89' lang='lat' dir='ltr'>socerum</span> <span class='ocrx_word' id='word_1_83' title='bbox 698 1058 802 1099; x_wconf 84' lang='lat' dir='ltr'>dare</span> <span class='ocrx_word' id='word_1_84' title='bbox 824 1072 886 1108; x_wconf 85' lang='lat' dir='ltr'>se,</span> <span class='ocrx_word' id='word_1_85' title='bbox 908 1059 1157 1113; x_wconf 82' lang='lat' dir='ltr'>famamque</span> <span class='ocrx_word' id='word_1_86' title='bbox 1175 1059 1392 1109; x_wconf 82' lang='lat' dir='ltr'>laborum,</span> 
     </span>
    </p>
   </div>
   <div class='ocr_carea' id='block_1_13' title="bbox 198 1125 1205 1180">
    <p class='ocr_par' dir='ltr' id='par_1_13' title="bbox 198 1125 1205 1180">
     <span class='ocr_line' id='line_1_18' title="bbox 198 1125 1205 1180; baseline -0.001 -14"><span class='ocrx_word' id='word_1_87' title='bbox 198 1126 255 1167; x_wconf 84' lang='lat' dir='ltr'>Et</span> <span class='ocrx_word' id='word_1_88' title='bbox 276 1129 482 1180; x_wconf 80' lang='lat' dir='ltr'>superata</span> <span class='ocrx_word' id='word_1_89' title='bbox 500 1139 592 1167; x_wconf 84' lang='lat' dir='ltr'>suae</span> <span class='ocrx_word' id='word_1_90' title='bbox 614 1125 824 1166; x_wconf 81' lang='lat' dir='ltr'>referebat</span> <span class='ocrx_word' id='word_1_91' title='bbox 836 1125 967 1179; x_wconf 84' lang='lat' dir='ltr'>jussa</span> <span class='ocrx_word' id='word_1_92' title='bbox 985 1138 1205 1167; x_wconf 87' lang='lat' dir='ltr'>novercae.</span> 
     </span>
    </p>
   </div>
   <div class='ocr_carea' id='block_1_14' title="bbox 1596 1124 1652 1165">
    <p class='ocr_par' dir='ltr' id='par_1_14' title="bbox 1596 1124 1652 1165">
     <span class='ocr_line' id='line_1_19' title="bbox 1596 1124 1652 1165; baseline 0.018 -1"><span class='ocrx_word' id='word_1_93' title='bbox 1596 1124 1652 1165; x_wconf 84' lang='lat'>15</span> 
     </span>
    </p>
   </div>
   <div class='ocr_carea' id='block_1_15' title="bbox 200 1190 1347 1245">
    <p class='ocr_par' dir='ltr' id='par_1_15' title="bbox 200 1190 1347 1245">
     <span class='ocr_line' id='line_1_20' title="bbox 200 1190 1347 1245; baseline -0.001 -12"><span class='ocrx_word' id='word_1_94' title='bbox 200 1192 361 1234; x_wconf 81' lang='lat' dir='ltr'>Contra</span> <span class='ocrx_word' id='word_1_95' title='bbox 381 1204 485 1244; x_wconf 86' lang='lat' dir='ltr'>ego:</span> <span class='ocrx_word' id='word_1_96' title='bbox 515 1190 663 1245; x_wconf 83' lang='lat' dir='ltr'>(turpe</span> <span class='ocrx_word' id='word_1_97' title='bbox 687 1191 830 1232; x_wconf 86' lang='lat' dir='ltr'>Deum</span> <span class='ocrx_word' id='word_1_98' title='bbox 848 1191 1019 1232; x_wconf 84' lang='lat' dir='ltr'>mortali</span> <span class='ocrx_word' id='word_1_99' title='bbox 1039 1191 1191 1232; x_wconf 89' lang='lat' dir='ltr'>cedere</span> <span class='ocrx_word' id='word_1_100' title='bbox 1211 1191 1319 1233; x_wconf 81' lang='lat' dir='ltr'>duxi</span> <span class='ocrx_word' id='word_1_101' title='bbox 1338 1205 1347 1232; x_wconf 91' lang='lat'>:</span> 
     </span>
    </p>
   </div>
   <div class='ocr_carea' id='block_1_16' title="bbox 191 1310 1651 1395">
    <p class='ocr_par' dir='ltr' id='par_1_16' title="bbox 191 1310 1651 1395">
     <span class='ocr_line' id='line_1_21' title="bbox 191 1310 1651 1353; baseline -0.001 -11"><span class='ocrx_word' id='word_1_102' title='bbox 191 1312 309 1351; x_wconf 74' lang='lat' dir='ltr'>flarius</span> <span class='ocrx_word' id='word_1_103' title='bbox 326 1312 515 1353; x_wconf 81' lang='lat' dir='ltr'>Calydonius</span> <span class='ocrx_word' id='word_1_104' title='bbox 534 1314 579 1343; x_wconf 79' lang='lat' dir='ltr'>sic</span> <span class='ocrx_word' id='word_1_105' title='bbox 602 1322 687 1343; x_wconf 85' lang='lat' dir='ltr'>orsus</span> <span class='ocrx_word' id='word_1_106' title='bbox 702 1316 758 1353; x_wconf 71' lang='lat' dir='ltr'>est,</span> <span class='ocrx_word' id='word_1_107' title='bbox 772 1313 890 1343; x_wconf 78' lang='lat' dir='ltr'>cinctos</span> <span class='ocrx_word' id='word_1_108' title='bbox 904 1313 1016 1343; x_wconf 78' lang='lat' dir='ltr'>habens</span> <span class='ocrx_word' id='word_1_109' title='bbox 1029 1312 1133 1343; x_wconf 78' lang='lat' dir='ltr'>crines</span> <span class='ocrx_word' id='word_1_110' title='bbox 1143 1311 1289 1342; x_wconf 79' lang='lat' dir='ltr'>incomtos</span> <span class='ocrx_word' id='word_1_111' title='bbox 1296 1311 1392 1350; x_wconf 83' lang='lat' dir='ltr'>junco</span> <span class='ocrx_word' id='word_1_112' title='bbox 1407 1322 1416 1342; x_wconf 91' lang='lat'><em>:</em></span> <span class='ocrx_word' id='word_1_113' title='bbox 1439 1310 1548 1342; x_wconf 76' lang='lat' dir='ltr'>Poscis</span> <span class='ocrx_word' id='word_1_114' title='bbox 1562 1310 1651 1349; x_wconf 83' lang='lat' dir='ltr'>lugu-</span> 
     </span>
     <span class='ocr_line' id='line_1_22' title="bbox 200 1352 1651 1395; baseline -0.001 -12"><span class='ocrx_word' id='word_1_115' title='bbox 200 1354 251 1385; x_wconf 82' lang='lat' dir='ltr'>bre</span> <span class='ocrx_word' id='word_1_116' title='bbox 264 1355 415 1395; x_wconf 80' lang='lat' dir='ltr'>officium.-</span> <span class='ocrx_word' id='word_1_117' title='bbox 437 1355 505 1394; x_wconf 79' lang='lat' dir='ltr'>quis</span> <span class='ocrx_word' id='word_1_118' title='bbox 520 1355 600 1385; x_wconf 83' lang='lat' dir='ltr'>enim</span> <span class='ocrx_word' id='word_1_119' title='bbox 627 1358 786 1394; x_wconf 83' lang='lat' dir='ltr'>superatus</span> <span class='ocrx_word' id='word_1_120' title='bbox 810 1356 885 1386; x_wconf 80' lang='lat' dir='ltr'>velit</span> <span class='ocrx_word' id='word_1_121' title='bbox 905 1365 1034 1386; x_wconf 77' lang='lat' dir='ltr'>narrare</span> <span class='ocrx_word' id='word_1_122' title='bbox 1059 1364 1115 1385; x_wconf 81' lang='lat' dir='ltr'>sua</span> <span class='ocrx_word' id='word_1_123' title='bbox 1139 1352 1336 1385; x_wconf 77' lang='lat' dir='ltr'>certamina?</span> <span class='ocrx_word' id='word_1_124' title='bbox 1384 1354 1496 1385; x_wconf 83' lang='lat' dir='ltr'>Tamen</span> <span class='ocrx_word' id='word_1_125' title='bbox 1520 1352 1651 1383; x_wconf 77' lang='lat' dir='ltr'>narrabo</span> 
     </span>
    </p>
   </div>
   <div class='ocr_carea' id='block_1_17' title="bbox 190 1396 1654 1691">
    <p class='ocr_par' dir='ltr' id='par_1_17' title="bbox 190 1396 1654 1691">
     <span class='ocr_line' id='line_1_23' title="bbox 199 1396 1652 1436; baseline -0.001 -10"><span class='ocrx_word' id='word_1_126' title='bbox 199 1397 325 1426; x_wconf 79' lang='lat' dir='ltr'>ordine:</span> <span class='ocrx_word' id='word_1_127' title='bbox 348 1406 441 1436; x_wconf 78' lang='lat' dir='ltr'>neque</span> <span class='ocrx_word' id='word_1_128' title='bbox 457 1400 520 1427; x_wconf 84' lang='lat' dir='ltr'>tam</span> <span class='ocrx_word' id='word_1_129' title='bbox 535 1398 672 1427; x_wconf 78' lang='lat' dir='ltr'>dedecori</span> <span class='ocrx_word' id='word_1_130' title='bbox 680 1397 749 1434; x_wconf 84' lang='lat' dir='ltr'>fait</span> <span class='ocrx_word' id='word_1_131' title='bbox 764 1398 915 1436; x_wconf 78' lang='lat' dir='ltr'>superari,</span> <span class='ocrx_word' id='word_1_132' title='bbox 943 1407 1034 1436; x_wconf 81' lang='lat' dir='ltr'>quam</span> <span class='ocrx_word' id='word_1_133' title='bbox 1056 1397 1167 1435; x_wconf 70' lang='lat' dir='ltr'>gloria?</span> <span class='ocrx_word' id='word_1_134' title='bbox 1193 1400 1322 1426; x_wconf 82' lang='lat' dir='ltr'>certasse</span> <span class='ocrx_word' id='word_1_135' title='bbox 1334 1407 1346 1433; x_wconf 90' lang='grc'><strong><em>;</em></strong></span> <span class='ocrx_word' id='word_1_136' title='bbox 1368 1400 1398 1427; x_wconf 85' lang='lat' dir='ltr'>et</span> <span class='ocrx_word' id='word_1_137' title='bbox 1424 1399 1530 1426; x_wconf 80' lang='lat' dir='ltr'>tantus</span> <span class='ocrx_word' id='word_1_138' title='bbox 1553 1396 1652 1426; x_wconf 73' lang='lat' dir='ltr'>victor</span> 
     </span>
     <span class='ocr_line' id='line_1_24' title="bbox 198 1438 1652 1478; baseline -0.001 -10"><span class='ocrx_word' id='word_1_139' title='bbox 198 1439 285 1469; x_wconf 81' lang='lat' dir='ltr'>nobis</span> <span class='ocrx_word' id='word_1_140' title='bbox 297 1438 414 1478; x_wconf 81' lang='lat' dir='ltr'>proebet</span> <span class='ocrx_word' id='word_1_141' title='bbox 436 1449 579 1477; x_wconf 82' lang='lat' dir='ltr'>magnam</span> <span class='ocrx_word' id='word_1_142' title='bbox 602 1439 846 1469; x_wconf 79' lang='lat' dir='ltr'>consolationem.</span> <span class='ocrx_word' id='word_1_143' title='bbox 891 1439 928 1469; x_wconf 76' lang='lat' dir='ltr'>Si</span> <span class='ocrx_word' id='word_1_144' title='bbox 956 1440 1095 1478; x_wconf 76' lang='lat' dir='ltr'>quaedam</span> <span class='ocrx_word' id='word_1_145' title='bbox 1120 1439 1272 1475; x_wconf 69' lang='lat' dir='ltr'>Dejanz&#39;ra</span> <span class='ocrx_word' id='word_1_146' title='bbox 1298 1440 1420 1468; x_wconf 83' lang='lat' dir='ltr'>tandem</span> <span class='ocrx_word' id='word_1_147' title='bbox 1445 1438 1584 1478; x_wconf 65' lang='lat' dir='ltr'>pert-enit</span> <span class='ocrx_word' id='word_1_148' title='bbox 1610 1438 1652 1467; x_wconf 78' lang='lat' dir='ltr'>ad</span> 
     </span>
     <span class='ocr_line' id='line_1_25' title="bbox 199 1479 1652 1520; baseline -0.001 -10"><span class='ocrx_word' id='word_1_149' title='bbox 199 1490 289 1511; x_wconf 79' lang='lat' dir='ltr'>aures</span> <span class='ocrx_word' id='word_1_150' title='bbox 303 1484 373 1511; x_wconf 84' lang='lat' dir='ltr'>tuas</span> <span class='ocrx_word' id='word_1_151' title='bbox 387 1491 440 1511; x_wconf 86' lang='lat' dir='ltr'>suo</span> <span class='ocrx_word' id='word_1_152' title='bbox 455 1481 585 1519; x_wconf 74' lang='lat' dir='ltr'>nomine,</span> <span class='ocrx_word' id='word_1_153' title='bbox 602 1479 668 1518; x_wconf 77' lang='lat' dir='ltr'>fuit</span> <span class='ocrx_word' id='word_1_154' title='bbox 686 1481 758 1510; x_wconf 78' lang='lat' dir='ltr'>olim</span> <span class='ocrx_word' id='word_1_155' title='bbox 780 1482 883 1520; x_wconf 77' lang='lat' dir='ltr'>puella</span> <span class='ocrx_word' id='word_1_156' title='bbox 900 1481 1141 1518; x_wconf 71' lang='lat' dir='ltr'>formosissima,</span> <span class='ocrx_word' id='word_1_157' title='bbox 1166 1485 1195 1510; x_wconf 88' lang='lat' dir='ltr'>et</span> <span class='ocrx_word' id='word_1_158' title='bbox 1224 1490 1292 1520; x_wconf 85' lang='lat' dir='ltr'>spes</span> <span class='ocrx_word' id='word_1_159' title='bbox 1312 1480 1465 1510; x_wconf 72' lang='lat' dir='ltr'>invidiosa</span> <span class='ocrx_word' id='word_1_160' title='bbox 1488 1481 1652 1510; x_wconf 84' lang='lat' dir='ltr'>multorum</span> 
     </span>
     <span class='ocr_line' id='line_1_26' title="bbox 199 1521 1652 1563; baseline -0.001 -10"><span class='ocrx_word' id='word_1_161' title='bbox 199 1527 382 1554; x_wconf 82' lang='lat' dir='ltr'>amatorum.</span> <span class='ocrx_word' id='word_1_162' title='bbox 431 1525 511 1554; x_wconf 82' lang='lat' dir='ltr'>Cum</span> <span class='ocrx_word' id='word_1_163' title='bbox 526 1523 635 1563; x_wconf 81' lang='lat' dir='ltr'>quibus</span> <span class='ocrx_word' id='word_1_164' title='bbox 650 1526 683 1552; x_wconf 86' lang='lat' dir='ltr'>ut</span> <span class='ocrx_word' id='word_1_165' title='bbox 699 1523 778 1553; x_wconf 74' lang='lat' dir='ltr'>subii</span> <span class='ocrx_word' id='word_1_166' title='bbox 793 1524 915 1553; x_wconf 81' lang='lat' dir='ltr'>domum</span> <span class='ocrx_word' id='word_1_167' title='bbox 931 1523 1027 1553; x_wconf 75' lang='lat' dir='ltr'>soceri</span> <span class='ocrx_word' id='word_1_168' title='bbox 1043 1523 1186 1562; x_wconf 77' lang='lat' dir='ltr'>expetiti,</span> <span class='ocrx_word' id='word_1_169' title='bbox 1198 1522 1322 1552; x_wconf 78' lang='lat' dir='ltr'>Habeto</span> <span class='ocrx_word' id='word_1_170' title='bbox 1338 1533 1384 1552; x_wconf 88' lang='lat' dir='ltr'>me</span> <span class='ocrx_word' id='word_1_171' title='bbox 1396 1532 1555 1560; x_wconf 75' lang='lat' dir='ltr'>generum,</span> <span class='ocrx_word' id='word_1_172' title='bbox 1572 1521 1652 1560; x_wconf 71' lang='lat' dir='ltr'>dixi,</span> 
     </span>
     <span class='ocr_line' id='line_1_27' title="bbox 190 1564 1652 1607; baseline -0.001 -11"><span class='ocrx_word' id='word_1_173' title='bbox 190 1566 247 1607; x_wconf 80' lang='lat' dir='ltr'>fili</span> <span class='ocrx_word' id='word_1_174' title='bbox 271 1565 466 1596; x_wconf 76' lang='lat' dir='ltr'>Parthaonis.</span> <span class='ocrx_word' id='word_1_175' title='bbox 510 1565 634 1596; x_wconf 80' lang='lat' dir='ltr'>Alcides</span> <span class='ocrx_word' id='word_1_176' title='bbox 660 1566 745 1595; x_wconf 75' lang='lat' dir='ltr'>dixit</span> <span class='ocrx_word' id='word_1_177' title='bbox 771 1566 874 1596; x_wconf 85' lang='lat' dir='ltr'>etiam.</span> <span class='ocrx_word' id='word_1_178' title='bbox 911 1565 1017 1596; x_wconf 76' lang='lat' dir='ltr'>Ceteri</span> <span class='ocrx_word' id='word_1_179' title='bbox 1044 1569 1198 1595; x_wconf 80' lang='lat' dir='ltr'>cesserunt</span> <span class='ocrx_word' id='word_1_180' title='bbox 1227 1565 1351 1595; x_wconf 82' lang='lat' dir='ltr'>duobus.</span> <span class='ocrx_word' id='word_1_181' title='bbox 1396 1564 1454 1594; x_wconf 87' lang='lat' dir='ltr'>Ille</span> <span class='ocrx_word' id='word_1_182' title='bbox 1476 1564 1595 1594; x_wconf 79' lang='lat' dir='ltr'>dicebat</span> <span class='ocrx_word' id='word_1_183' title='bbox 1620 1573 1652 1594; x_wconf 90' lang='lat' dir='ltr'>se</span> 
     </span>
     <span class='ocr_line' id='line_1_28' title="bbox 199 1606 1652 1648; baseline -0.001 -9"><span class='ocrx_word' id='word_1_184' title='bbox 199 1607 314 1648; x_wconf 65' lang='lat' dir='ltr'>offerre</span> <span class='ocrx_word' id='word_1_185' title='bbox 328 1609 437 1638; x_wconf 82' lang='lat' dir='ltr'>Jovem</span> <span class='ocrx_word' id='word_1_186' title='bbox 451 1617 597 1647; x_wconf 81' lang='lat' dir='ltr'>socerum,</span> <span class='ocrx_word' id='word_1_187' title='bbox 620 1610 648 1637; x_wconf 81' lang='lat' dir='ltr'>et</span> <span class='ocrx_word' id='word_1_188' title='bbox 661 1608 796 1645; x_wconf 79' lang='lat' dir='ltr'>gloriam</span> <span class='ocrx_word' id='word_1_189' title='bbox 811 1608 959 1645; x_wconf 80' lang='lat' dir='ltr'>laborum,</span> <span class='ocrx_word' id='word_1_190' title='bbox 975 1610 1003 1637; x_wconf 84' lang='lat' dir='ltr'>et</span> <span class='ocrx_word' id='word_1_191' title='bbox 1018 1609 1164 1638; x_wconf 82' lang='lat' dir='ltr'>mandata</span> <span class='ocrx_word' id='word_1_192' title='bbox 1187 1616 1251 1637; x_wconf 71' lang='lat' dir='ltr'>succ</span> <span class='ocrx_word' id='word_1_193' title='bbox 1271 1617 1405 1637; x_wconf 76' lang='lat' dir='ltr'>noverca&gt;</span> <span class='ocrx_word' id='word_1_194' title='bbox 1428 1606 1536 1638; x_wconf 75' lang='lat' dir='ltr'>evicta.</span> <span class='ocrx_word' id='word_1_195' title='bbox 1582 1606 1652 1645; x_wconf 83' lang='lat' dir='ltr'>Ego</span> 
     </span>
     <span class='ocr_line' id='line_1_29' title="bbox 201 1649 1654 1691; baseline -0.001 -10"><span class='ocrx_word' id='word_1_196' title='bbox 201 1654 306 1681; x_wconf 80' lang='lat' dir='ltr'>contra</span> <span class='ocrx_word' id='word_1_197' title='bbox 328 1651 524 1691; x_wconf 83' lang='lat' dir='ltr'>(indecorum</span> <span class='ocrx_word' id='word_1_198' title='bbox 549 1650 667 1680; x_wconf 81' lang='lat' dir='ltr'>credidi</span> <span class='ocrx_word' id='word_1_199' title='bbox 684 1649 788 1680; x_wconf 84' lang='lat' dir='ltr'>Deum</span> <span class='ocrx_word' id='word_1_200' title='bbox 803 1651 907 1680; x_wconf 83' lang='lat' dir='ltr'>cedere</span> <span class='ocrx_word' id='word_1_201' title='bbox 931 1650 1077 1680; x_wconf 72' lang='lat' dir='ltr'>mortali.-</span> <span class='ocrx_word' id='word_1_202' title='bbox 1100 1649 1151 1680; x_wconf 82' lang='lat' dir='ltr'>ille</span> <span class='ocrx_word' id='word_1_203' title='bbox 1166 1650 1298 1679; x_wconf 79' lang='lat' dir='ltr'>nondum</span> <span class='ocrx_word' id='word_1_204' title='bbox 1314 1653 1379 1679; x_wconf 80' lang='lat' dir='ltr'>erat</span> <span class='ocrx_word' id='word_1_205' title='bbox 1396 1649 1483 1680; x_wconf 84' lang='lat' dir='ltr'>Deus</span> <span class='ocrx_word' id='word_1_206' title='bbox 1485 1649 1527 1688; x_wconf 85' lang='lat'>):</span> <span class='ocrx_word' id='word_1_207' title='bbox 1560 1649 1654 1680; x_wconf 66' lang='lat' dir='ltr'>Vides</span> 
     </span>
    </p>
   </div>
   <div class='ocr_carea' id='block_1_18' title="bbox 810 1731 1044 1742">
    <p class='ocr_par' dir='ltr' id='par_1_18' title="bbox 810 1731 1044 1742">
     <span class='ocr_line' id='line_1_30' title="bbox 810 1731 1044 1742; baseline 0 0"><span class='ocrx_word' id='word_1_208' title='bbox 810 1731 1004 1742; x_wconf 59' lang='lat' dir='ltr'>eeeeeeeee</span> <span class='ocrx_word' id='word_1_209' title='bbox 1005 1731 1044 1742; x_wconf 60' lang='grc' dir='ltr'>Μ</span> 
     </span>
    </p>
   </div>
   <div class='ocr_carea' id='block_1_19' title="bbox 202 1785 1657 1998">
    <p class='ocr_par' dir='ltr' id='par_1_19' title="bbox 202 1785 1657 1998">
     <span class='ocr_line' id='line_1_31' title="bbox 244 1785 1657 1826; baseline 0.001 -10"><span class='ocrx_word' id='word_1_210' title='bbox 244 1790 262 1817; x_wconf 84' lang='lat'>3</span> <span class='ocrx_word' id='word_1_211' title='bbox 285 1786 377 1817; x_wconf 88' lang='lat' dir='ltr'>Tert.</span> <span class='ocrx_word' id='word_1_212' title='bbox 395 1786 490 1817; x_wconf 87' lang='lat' dir='ltr'>Med.</span> <span class='ocrx_word' id='word_1_213' title='bbox 510 1787 593 1826; x_wconf 85' lang='lat' dir='ltr'>Coep.</span> <span class='ocrx_word' id='word_1_214' title='bbox 607 1786 844 1817; x_wconf 79' lang='lat' dir='ltr'>inauratos.-6</span> <span class='ocrx_word' id='word_1_215' title='bbox 865 1785 908 1816; x_wconf 78' lang='grc' dir='ltr'>Τὸ</span> <span class='ocrx_word' id='word_1_216' title='bbox 922 1790 967 1817; x_wconf 82' lang='lat' dir='ltr'>est</span> <span class='ocrx_word' id='word_1_217' title='bbox 984 1790 1061 1826; x_wconf 88' lang='lat' dir='ltr'>post</span> <span class='ocrx_word' id='word_1_218' title='bbox 1075 1788 1216 1817; x_wconf 80' lang='lat' dir='ltr'>decorum</span> <span class='ocrx_word' id='word_1_219' title='bbox 1231 1787 1396 1817; x_wconf 86' lang='lat' dir='ltr'>omittunt</span> <span class='ocrx_word' id='word_1_220' title='bbox 1411 1785 1485 1817; x_wconf 84' lang='lat' dir='ltr'>Pal.</span> <span class='ocrx_word' id='word_1_221' title='bbox 1500 1785 1657 1818; x_wconf 80' lang='lat' dir='ltr'>Berolin.</span> 
     </span>
     <span class='ocr_line' id='line_1_32' title="bbox 202 1828 1654 1870; baseline -0.001 -9"><span class='ocrx_word' id='word_1_222' title='bbox 202 1834 236 1861; x_wconf 86' lang='lat' dir='ltr'>et</span> <span class='ocrx_word' id='word_1_223' title='bbox 252 1828 408 1860; x_wconf 52' lang='lat' dir='ltr'>auh—12</span> <span class='ocrx_word' id='word_1_224' title='bbox 431 1829 580 1860; x_wconf 84' lang='lat' dir='ltr'>Berolin.</span> <span class='ocrx_word' id='word_1_225' title='bbox 604 1830 669 1860; x_wconf 78' lang='lat' dir='ltr'>dix.</span> <span class='ocrx_word' id='word_1_226' title='bbox 699 1829 933 1861; x_wconf 60' lang='lat' dir='ltr'>Perenne—14</span> <span class='ocrx_word' id='word_1_227' title='bbox 959 1829 1157 1860; x_wconf 79' lang='lat' dir='ltr'>Graevianus</span> <span class='ocrx_word' id='word_1_228' title='bbox 1182 1839 1403 1870; x_wconf 81' lang='lat' dir='ltr'>summamque,</span> <span class='ocrx_word' id='word_1_229' title='bbox 1431 1829 1518 1870; x_wconf 87' lang='lat' dir='ltr'>quod</span> <span class='ocrx_word' id='word_1_230' title='bbox 1535 1828 1654 1860; x_wconf 82' lang='lat' dir='ltr'>Heius.</span> 
     </span>
     <span class='ocr_line' id='line_1_33' title="bbox 202 1871 1655 1913; baseline 0 -11"><span class='ocrx_word' id='word_1_231' title='bbox 202 1871 470 1903; x_wconf 81' lang='lat' dir='ltr'>arridebat.-—1c</span> <span class='ocrx_word' id='word_1_232' title='bbox 494 1873 579 1903; x_wconf 88' lang='lat' dir='ltr'>Cum</span> <span class='ocrx_word' id='word_1_233' title='bbox 596 1878 696 1902; x_wconf 80' lang='lat' dir='ltr'>antea</span> <span class='ocrx_word' id='word_1_234' title='bbox 714 1872 785 1902; x_wconf 69' lang='lat' dir='ltr'>dixi</span> <span class='ocrx_word' id='word_1_235' title='bbox 801 1873 1013 1913; x_wconf 83' lang='lat' dir='ltr'>vulgaretur,</span> <span class='ocrx_word' id='word_1_236' title='bbox 1031 1873 1151 1904; x_wconf 83' lang='lat' dir='ltr'>Heius.</span> <span class='ocrx_word' id='word_1_237' title='bbox 1167 1881 1208 1903; x_wconf 86' lang='lat' dir='ltr'>ex</span> <span class='ocrx_word' id='word_1_238' title='bbox 1225 1882 1289 1903; x_wconf 88' lang='lat' dir='ltr'>uuo</span> <span class='ocrx_word' id='word_1_239' title='bbox 1305 1872 1452 1903; x_wconf 79' lang='lat' dir='ltr'>Strozzae</span> <span class='ocrx_word' id='word_1_240' title='bbox 1467 1872 1546 1903; x_wconf 76' lang='lat' dir='ltr'>duxi</span> <span class='ocrx_word' id='word_1_241' title='bbox 1560 1880 1655 1902; x_wconf 86' lang='lat' dir='ltr'>rece-</span> 
     </span>
     <span class='ocr_line' id='line_1_34' title="bbox 202 1913 1655 1956; baseline 0 -12"><span class='ocrx_word' id='word_1_242' title='bbox 202 1915 264 1954; x_wconf 85' lang='lat' dir='ltr'>pit.</span> <span class='ocrx_word' id='word_1_243' title='bbox 310 1915 511 1956; x_wconf 78' lang='lat' dir='ltr'>Quanquam</span> <span class='ocrx_word' id='word_1_244' title='bbox 528 1925 569 1945; x_wconf 87' lang='lat' dir='ltr'>ne</span> <span class='ocrx_word' id='word_1_245' title='bbox 587 1915 633 1946; x_wconf 91' lang='lat' dir='ltr'>sic</span> <span class='ocrx_word' id='word_1_246' title='bbox 649 1915 785 1955; x_wconf 86' lang='lat' dir='ltr'>quidem</span> <span class='ocrx_word' id='word_1_247' title='bbox 804 1916 906 1946; x_wconf 83' lang='lat' dir='ltr'>verba</span> <span class='ocrx_word' id='word_1_248' title='bbox 923 1915 1006 1946; x_wconf 88' lang='lat' dir='ltr'>satis</span> <span class='ocrx_word' id='word_1_249' title='bbox 1031 1915 1116 1946; x_wconf 83' lang='lat' dir='ltr'>bene</span> <span class='ocrx_word' id='word_1_250' title='bbox 1133 1916 1254 1955; x_wconf 86' lang='lat' dir='ltr'>juncta</span> <span class='ocrx_word' id='word_1_251' title='bbox 1270 1919 1487 1954; x_wconf 80' lang='lat' dir='ltr'>procurrunt.</span> <span class='ocrx_word' id='word_1_252' title='bbox 1532 1913 1655 1954; x_wconf 79' lang='lat' dir='ltr'>Itaque</span> 
     </span>
     <span class='ocr_line' id='line_1_35' title="bbox 202 1957 1655 1998; baseline 0 -11"><span class='ocrx_word' id='word_1_253' title='bbox 202 1957 292 1988; x_wconf 81' lang='lat' dir='ltr'>idem</span> <span class='ocrx_word' id='word_1_254' title='bbox 308 1959 412 1989; x_wconf 86' lang='lat' dir='ltr'>suasit</span> <span class='ocrx_word' id='word_1_255' title='bbox 428 1963 486 1988; x_wconf 85' lang='lat' dir='ltr'>aut</span> <span class='ocrx_word' id='word_1_256' title='bbox 500 1959 624 1998; x_wconf 78' lang='lat' dir='ltr'>ducens,</span> <span class='ocrx_word' id='word_1_257' title='bbox 641 1962 700 1988; x_wconf 85' lang='lat' dir='ltr'>aut</span> <span class='ocrx_word' id='word_1_258' title='bbox 717 1958 763 1988; x_wconf 90' lang='lat' dir='ltr'>sic</span> <span class='ocrx_word' id='word_1_259' title='bbox 778 1969 786 1989; x_wconf 74' lang='grc' dir='ltr'><strong><em>ι</em></strong></span> <span class='ocrx_word' id='word_1_260' title='bbox 825 1959 942 1989; x_wconf 83' lang='lat' dir='ltr'>Contra</span> <span class='ocrx_word' id='word_1_261' title='bbox 967 1968 1036 1998; x_wconf 83' lang='lat' dir='ltr'>ego,</span> <span class='ocrx_word' id='word_1_262' title='bbox 1061 1962 1150 1998; x_wconf 83' lang='lat' dir='ltr'>turpe</span> <span class='ocrx_word' id='word_1_263' title='bbox 1165 1961 1251 1988; x_wconf 81' lang='lat' dir='ltr'>ratus</span> <span class='ocrx_word' id='word_1_264' title='bbox 1266 1957 1390 1988; x_wconf 81' lang='lat' dir='ltr'>mortali</span> <span class='ocrx_word' id='word_1_265' title='bbox 1404 1959 1519 1998; x_wconf 83' lang='lat' dir='ltr'>cedere,</span> <span class='ocrx_word' id='word_1_266' title='bbox 1530 1957 1655 1988; x_wconf 75' lang='lat' dir='ltr'>dixi.—</span> 
     </span>
    </p>
   </div>
   <div class='ocr_carea' id='block_1_20' title="bbox 866 2055 1003 2085">
    <p class='ocr_par' dir='ltr' id='par_1_20' title="bbox 866 2055 1003 2085">
     <span class='ocr_line' id='line_1_36' title="bbox 866 2055 1003 2085; baseline -0.007 0"><span class='ocrx_word' id='word_1_267' title='bbox 866 2055 1003 2085; x_wconf 82' lang='lat' dir='ltr'>NOTAE</span> 
     </span>
    </p>
   </div>
   <div class='ocr_carea' id='block_1_21' title="bbox 205 2122 903 2215">
    <p class='ocr_par' dir='ltr' id='par_1_21' title="bbox 205 2122 903 2215">
     <span class='ocr_line' id='line_1_37' title="bbox 245 2122 903 2162; baseline -0.002 -8"><span class='ocrx_word' id='word_1_268' title='bbox 245 2126 264 2153; x_wconf 85' lang='lat'>3</span> <span class='ocrx_word' id='word_1_269' title='bbox 281 2122 455 2162; x_wconf 79' lang='lat' dir='ltr'>Arundine]</span> <span class='ocrx_word' id='word_1_270' title='bbox 477 2124 606 2154; x_wconf 86' lang='lat' dir='ltr'>Corona</span> <span class='ocrx_word' id='word_1_271' title='bbox 616 2134 657 2154; x_wconf 84' lang='lat' dir='ltr'>ex</span> <span class='ocrx_word' id='word_1_272' title='bbox 669 2123 903 2162; x_wconf 76' lang='lat' dir='ltr'>arundinibus,</span> 
     </span>
     <span class='ocr_line' id='line_1_38' title="bbox 205 2171 901 2215; baseline -0.001 -11"><span class='ocrx_word' id='word_1_273' title='bbox 205 2173 324 2215; x_wconf 88' lang='lat' dir='ltr'>quibus</span> <span class='ocrx_word' id='word_1_274' title='bbox 336 2171 407 2202; x_wconf 83' lang='lat' dir='ltr'>fere</span> <span class='ocrx_word' id='word_1_275' title='bbox 422 2172 599 2203; x_wconf 85' lang='lat' dir='ltr'>fluviorum</span> <span class='ocrx_word' id='word_1_276' title='bbox 617 2174 698 2214; x_wconf 86' lang='lat' dir='ltr'>ripae</span> <span class='ocrx_word' id='word_1_277' title='bbox 715 2173 901 2204; x_wconf 86' lang='lat' dir='ltr'>abundant.</span> 
     </span>
    </p>
   </div>
   <div class='ocr_carea' id='block_1_22' title="bbox 958 2120 1655 2212">
    <p class='ocr_par' dir='ltr' id='par_1_22' title="bbox 958 2120 1655 2212">
     <span class='ocr_line' id='line_1_39' title="bbox 958 2120 1655 2161; baseline -0.001 -8"><span class='ocrx_word' id='word_1_278' title='bbox 958 2128 1072 2154; x_wconf 87' lang='lat' dir='ltr'>tamen</span> <span class='ocrx_word' id='word_1_279' title='bbox 1102 2123 1270 2153; x_wconf 88' lang='lat' dir='ltr'>Homerus</span> <span class='ocrx_word' id='word_1_280' title='bbox 1305 2120 1492 2152; x_wconf 88' lang='lat' dir='ltr'>Portheum</span> <span class='ocrx_word' id='word_1_281' title='bbox 1524 2125 1655 2161; x_wconf 85' lang='lat' dir='ltr'>patrem</span> 
     </span>
     <span class='ocr_line' id='line_1_40' title="bbox 959 2174 1119 2212; baseline 0.006 -10"><span class='ocrx_word' id='word_1_282' title='bbox 959 2174 1119 2212; x_wconf 79' lang='lat' dir='ltr'>assignat.</span> 
     </span>
    </p>
   </div>
   <div class='ocr_carea' id='block_1_23' title="bbox 205 2223 908 2819">
    <p class='ocr_par' dir='ltr' id='par_1_23' title="bbox 205 2223 903 2366">
     <span class='ocr_line' id='line_1_41' title="bbox 248 2223 903 2263; baseline -0.005 -8"><span class='ocrx_word' id='word_1_283' title='bbox 248 2227 267 2255; x_wconf 75' lang='lat'>4</span> <span class='ocrx_word' id='word_1_284' title='bbox 293 2223 357 2254; x_wconf 84' lang='lat' dir='ltr'>Sua</span> <span class='ocrx_word' id='word_1_285' title='bbox 381 2224 500 2263; x_wconf 70' lang='lat' dir='ltr'>prcelia·</span> <span class='ocrx_word' id='word_1_286' title='bbox 516 2223 764 2262; x_wconf 85' lang='lat' dir='ltr'>commemorare]</span> <span class='ocrx_word' id='word_1_287' title='bbox 802 2223 903 2254; x_wconf 83' lang='lat' dir='ltr'>Quod</span> 
     </span>
     <span class='ocr_line' id='line_1_42' title="bbox 206 2272 902 2312; baseline -0.003 -7"><span class='ocrx_word' id='word_1_288' title='bbox 206 2280 318 2305; x_wconf 83' lang='lat' dir='ltr'>tamen</span> <span class='ocrx_word' id='word_1_289' title='bbox 335 2273 485 2304; x_wconf 86' lang='lat' dir='ltr'>Acheloo</span> <span class='ocrx_word' id='word_1_290' title='bbox 508 2272 714 2312; x_wconf 81' lang='lat' dir='ltr'>faciendum,</span> <span class='ocrx_word' id='word_1_291' title='bbox 736 2278 774 2303; x_wconf 90' lang='lat' dir='ltr'>ut</span> <span class='ocrx_word' id='word_1_292' title='bbox 797 2282 838 2303; x_wconf 82' lang='lat' dir='ltr'>ex</span> <span class='ocrx_word' id='word_1_293' title='bbox 855 2283 902 2303; x_wconf 86' lang='lat' dir='ltr'>se-</span> 
     </span>
     <span class='ocr_line' id='line_1_43' title="bbox 205 2323 546 2366; baseline -0.006 -11"><span class='ocrx_word' id='word_1_294' title='bbox 205 2324 384 2366; x_wconf 86' lang='lat' dir='ltr'>quentibus</span> <span class='ocrx_word' id='word_1_295' title='bbox 402 2323 546 2363; x_wconf 73' lang='lat' dir='ltr'>patebit.</span> 
     </span>
    </p>

    <p class='ocr_par' dir='ltr' id='par_1_24' title="bbox 208 2372 904 2465">
     <span class='ocr_line' id='line_1_44' title="bbox 249 2372 904 2414; baseline -0.002 -9"><span class='ocrx_word' id='word_1_296' title='bbox 249 2378 268 2405; x_wconf 86' lang='lat'>7</span> <span class='ocrx_word' id='word_1_297' title='bbox 295 2374 425 2413; x_wconf 75' lang='lat' dir='ltr'>Tantus]</span> <span class='ocrx_word' id='word_1_298' title='bbox 464 2375 617 2406; x_wconf 62' lang='lat' dir='ltr'>Quantus</span> <span class='ocrx_word' id='word_1_299' title='bbox 636 2372 701 2404; x_wconf 83' lang='lat' dir='ltr'>fuit</span> <span class='ocrx_word' id='word_1_300' title='bbox 725 2373 904 2414; x_wconf 84' lang='lat' dir='ltr'>Hercules,</span> 
     </span>
     <span class='ocr_line' id='line_1_45' title="bbox 208 2423 701 2465; baseline 0 -10"><span class='ocrx_word' id='word_1_301' title='bbox 208 2434 227 2455; x_wconf 86' lang='lat' dir='ltr'><strong>a</strong></span> <span class='ocrx_word' id='word_1_302' title='bbox 243 2434 307 2465; x_wconf 91' lang='lat' dir='ltr'>quo</span> <span class='ocrx_word' id='word_1_303' title='bbox 324 2428 502 2463; x_wconf 79' lang='lat' dir='ltr'>superatus</span> <span class='ocrx_word' id='word_1_304' title='bbox 519 2423 701 2456; x_wconf 78' lang='lat' dir='ltr'>Achelous.</span> 
     </span>
    </p>

    <p class='ocr_par' dir='ltr' id='par_1_25' title="bbox 208 2474 906 2567">
     <span class='ocr_line' id='line_1_46' title="bbox 249 2474 906 2516; baseline 0.005 -12"><span class='ocrx_word' id='word_1_305' title='bbox 249 2477 270 2504; x_wconf 88' lang='grc'>8</span> <span class='ocrx_word' id='word_1_306' title='bbox 287 2474 371 2514; x_wconf 80' lang='lat' dir='ltr'>Qua]</span> <span class='ocrx_word' id='word_1_307' title='bbox 389 2474 593 2504; x_wconf 86' lang='lat' dir='ltr'>Redundarc</span> <span class='ocrx_word' id='word_1_308' title='bbox 607 2474 739 2505; x_wconf 79' lang='lat' dir='ltr'>videtui·</span> <span class='ocrx_word' id='word_1_309' title='bbox 750 2485 814 2506; x_wconf 80' lang='lat' dir='ltr'>vox</span> <span class='ocrx_word' id='word_1_310' title='bbox 829 2476 906 2516; x_wconf 83' lang='lat' dir='ltr'>ista,</span> 
     </span>
     <span class='ocr_line' id='line_1_47' title="bbox 208 2525 904 2567; baseline 0.004 -13"><span class='ocrx_word' id='word_1_311' title='bbox 208 2534 284 2567; x_wconf 85' lang='lat' dir='ltr'>quae</span> <span class='ocrx_word' id='word_1_312' title='bbox 300 2528 412 2555; x_wconf 83' lang='lat' dir='ltr'>tamen</span> <span class='ocrx_word' id='word_1_313' title='bbox 426 2525 569 2565; x_wconf 80' lang='lat' dir='ltr'>aliquam</span> <span class='ocrx_word' id='word_1_314' title='bbox 585 2525 688 2555; x_wconf 83' lang='lat' dir='ltr'>habet</span> <span class='ocrx_word' id='word_1_315' title='bbox 708 2526 904 2565; x_wconf 73' lang='lat' dir='ltr'>emphasim.</span> 
     </span>
    </p>

    <p class='ocr_par' dir='ltr' id='par_1_26' title="bbox 210 2573 905 2655">
     <span class='ocr_line' id='line_1_48' title="bbox 251 2573 905 2616; baseline 0.003 -11"><span class='ocrx_word' id='word_1_316' title='bbox 251 2573 401 2613; x_wconf 82' lang='lat' dir='ltr'>Tandem]</span> <span class='ocrx_word' id='word_1_317' title='bbox 416 2576 494 2611; x_wconf 80' lang='lat' dir='ltr'>Pro,</span> <span class='ocrx_word' id='word_1_318' title='bbox 509 2575 719 2616; x_wconf 74' lang='lat' dir='ltr'>Aliquando,</span> <span class='ocrx_word' id='word_1_319' title='bbox 733 2576 790 2605; x_wconf 78' lang='lat' dir='ltr'>sed</span> <span class='ocrx_word' id='word_1_320' title='bbox 803 2577 905 2612; x_wconf 64' lang='lat' dir='ltr'>magis</span> 
     </span>
     <span class='ocr_line' id='line_1_49' title="bbox 210 2622 482 2655; baseline 0.004 -1"><span class='ocrx_word' id='word_1_321' title='bbox 210 2623 317 2655; x_wconf 79' lang='lat' dir='ltr'>servit</span> <span class='ocrx_word' id='word_1_322' title='bbox 333 2622 482 2655; x_wconf 81' lang='lat' dir='ltr'>affectui.</span> 
     </span>
    </p>

    <p class='ocr_par' dir='ltr' id='par_1_27' title="bbox 211 2674 908 2763">
     <span class='ocr_line' id='line_1_50' title="bbox 251 2674 908 2717; baseline 0.003 -13"><span class='ocrx_word' id='word_1_323' title='bbox 251 2676 272 2704; x_wconf 83' lang='lat'>9</span> <span class='ocrx_word' id='word_1_324' title='bbox 309 2674 477 2713; x_wconf 74' lang='lat' dir='ltr'>Deianira]</span> <span class='ocrx_word' id='word_1_325' title='bbox 521 2675 617 2705; x_wconf 71' lang='lat' dir='ltr'>OEnei</span> <span class='ocrx_word' id='word_1_326' title='bbox 649 2676 780 2707; x_wconf 78' lang='lat' dir='ltr'>AEtoliae</span> <span class='ocrx_word' id='word_1_327' title='bbox 821 2676 908 2717; x_wconf 82' lang='lat' dir='ltr'>regis</span> 
     </span>
     <span class='ocr_line' id='line_1_51' title="bbox 211 2723 716 2763; baseline 0.004 -9"><span class='ocrx_word' id='word_1_328' title='bbox 211 2723 293 2763; x_wconf 84' lang='lat' dir='ltr'>filia,</span> <span class='ocrx_word' id='word_1_329' title='bbox 309 2723 432 2755; x_wconf 85' lang='lat' dir='ltr'>deinde</span> <span class='ocrx_word' id='word_1_330' title='bbox 447 2724 604 2756; x_wconf 80' lang='lat' dir='ltr'>Herculis</span> <span class='ocrx_word' id='word_1_331' title='bbox 622 2735 716 2757; x_wconf 85' lang='lat' dir='ltr'>uxor.</span> 
     </span>
    </p>

    <p class='ocr_par' dir='ltr' id='par_1_28' title="bbox 256 2774 908 2819">
     <span class='ocr_line' id='line_1_52' title="bbox 256 2774 908 2819; baseline 0.008 -15"><span class='ocrx_word' id='word_1_332' title='bbox 256 2776 296 2806; x_wconf 84' lang='lat'>12</span> <span class='ocrx_word' id='word_1_333' title='bbox 318 2774 497 2808; x_wconf 77' lang='lat' dir='ltr'>Porthaone</span> <span class='ocrx_word' id='word_1_334' title='bbox 512 2774 599 2815; x_wconf 79' lang='lat' dir='ltr'>nate]</span> <span class='ocrx_word' id='word_1_335' title='bbox 633 2776 760 2808; x_wconf 85' lang='lat' dir='ltr'>OEneus</span> <span class='ocrx_word' id='word_1_336' title='bbox 775 2781 840 2819; x_wconf 85' lang='lat' dir='ltr'>est,</span> <span class='ocrx_word' id='word_1_337' title='bbox 853 2777 908 2809; x_wconf 89' lang='lat' dir='ltr'>eui</span> 
     </span>
    </p>
   </div>
   <div class='ocr_carea' id='block_1_24' title="bbox 959 2222 1659 2819">
    <p class='ocr_par' dir='ltr' id='par_1_29' title="bbox 959 2222 1655 2313">
     <span class='ocr_line' id='line_1_53' title="bbox 1001 2222 1655 2262; baseline 0 -9"><span class='ocrx_word' id='word_1_338' title='bbox 1001 2226 1039 2253; x_wconf 84' lang='lat'>13</span> <span class='ocrx_word' id='word_1_339' title='bbox 1064 2223 1176 2262; x_wconf 73' lang='lat' dir='ltr'>Dixit]</span> <span class='ocrx_word' id='word_1_340' title='bbox 1199 2223 1248 2253; x_wconf 85' lang='lat' dir='ltr'>Ut</span> <span class='ocrx_word' id='word_1_341' title='bbox 1263 2232 1313 2261; x_wconf 85' lang='lat' dir='ltr'>se,</span> <span class='ocrx_word' id='word_1_342' title='bbox 1329 2222 1473 2261; x_wconf 80' lang='lat' dir='ltr'>scilicet,</span> <span class='ocrx_word' id='word_1_343' title='bbox 1494 2231 1655 2262; x_wconf 84' lang='lat' dir='ltr'>generum</span> 
     </span>
     <span class='ocr_line' id='line_1_54' title="bbox 959 2273 1143 2313; baseline 0 -10"><span class='ocrx_word' id='word_1_344' title='bbox 959 2273 1143 2313; x_wconf 83' lang='lat' dir='ltr'>acciperet.</span> 
     </span>
    </p>

    <p class='ocr_par' dir='ltr' id='par_1_30' title="bbox 959 2321 1656 2413">
     <span class='ocr_line' id='line_1_55' title="bbox 1003 2321 1656 2362; baseline 0 -9"><span class='ocrx_word' id='word_1_345' title='bbox 1003 2323 1141 2362; x_wconf 78' lang='lat' dir='ltr'>Cessere]</span> <span class='ocrx_word' id='word_1_346' title='bbox 1159 2323 1206 2353; x_wconf 89' lang='lat' dir='ltr'>Ut</span> <span class='ocrx_word' id='word_1_347' title='bbox 1217 2323 1289 2362; x_wconf 84' lang='lat' dir='ltr'>jam</span> <span class='ocrx_word' id='word_1_348' title='bbox 1306 2321 1501 2352; x_wconf 85' lang='lat' dir='ltr'>Deianiram</span> <span class='ocrx_word' id='word_1_349' title='bbox 1516 2331 1656 2353; x_wconf 81' lang='lat' dir='ltr'>uxorem</span> 
     </span>
     <span class='ocr_line' id='line_1_56' title="bbox 959 2378 1208 2413; baseline -0.004 -9"><span class='ocrx_word' id='word_1_350' title='bbox 959 2383 1024 2404; x_wconf 85' lang='lat' dir='ltr'>uon</span> <span class='ocrx_word' id='word_1_351' title='bbox 1041 2378 1208 2413; x_wconf 83' lang='lat' dir='ltr'>peterent.</span> 
     </span>
    </p>

    <p class='ocr_par' dir='ltr' id='par_1_31' title="bbox 960 2421 1657 2555">
     <span class='ocr_line' id='line_1_57' title="bbox 1002 2421 1655 2463; baseline -0.003 -9"><span class='ocrx_word' id='word_1_352' title='bbox 1002 2426 1041 2454; x_wconf 78' lang='lat'>14</span> <span class='ocrx_word' id='word_1_353' title='bbox 1055 2422 1216 2462; x_wconf 81' lang='lat' dir='ltr'>Socerum]</span> <span class='ocrx_word' id='word_1_354' title='bbox 1226 2422 1396 2463; x_wconf 85' lang='lat' dir='ltr'>Siquidem</span> <span class='ocrx_word' id='word_1_355' title='bbox 1408 2422 1495 2452; x_wconf 90' lang='lat' dir='ltr'>enim</span> <span class='ocrx_word' id='word_1_356' title='bbox 1504 2421 1655 2462; x_wconf 85' lang='lat' dir='ltr'>Jupiter,</span> 
     </span>
     <span class='ocr_line' id='line_1_58' title="bbox 960 2472 1657 2514; baseline -0.003 -9"><span class='ocrx_word' id='word_1_357' title='bbox 960 2474 1120 2505; x_wconf 86' lang='lat' dir='ltr'>Herculis</span> <span class='ocrx_word' id='word_1_358' title='bbox 1166 2475 1312 2514; x_wconf 84' lang='lat' dir='ltr'>genitor,</span> <span class='ocrx_word' id='word_1_359' title='bbox 1344 2472 1518 2504; x_wconf 83' lang='lat' dir='ltr'>Deianirae</span> <span class='ocrx_word' id='word_1_360' title='bbox 1559 2482 1657 2504; x_wconf 85' lang='lat' dir='ltr'>socer</span> 
     </span>
     <span class='ocr_line' id='line_1_59' title="bbox 961 2523 1092 2555; baseline 0 -1"><span class='ocrx_word' id='word_1_361' title='bbox 961 2523 1092 2555; x_wconf 76' lang='lat' dir='ltr'>fuisset.</span> 
     </span>
    </p>

    <p class='ocr_par' dir='ltr' id='par_1_32' title="bbox 961 2573 1659 2667">
     <span class='ocr_line' id='line_1_60' title="bbox 1003 2573 1659 2615; baseline -0.002 -10"><span class='ocrx_word' id='word_1_362' title='bbox 1003 2575 1171 2615; x_wconf 65' lang='lat' dir='ltr'>Labor-um]</span> <span class='ocrx_word' id='word_1_363' title='bbox 1208 2575 1416 2605; x_wconf 82' lang='lat' dir='ltr'>Decantatos</span> <span class='ocrx_word' id='word_1_364' title='bbox 1446 2573 1520 2604; x_wconf 91' lang='lat' dir='ltr'>illos</span> <span class='ocrx_word' id='word_1_365' title='bbox 1551 2574 1585 2604; x_wconf 89' lang='lat' dir='ltr'>in</span> <span class='ocrx_word' id='word_1_366' title='bbox 1607 2583 1659 2605; x_wconf 89' lang='lat' dir='ltr'>se-</span> 
     </span>
     <span class='ocr_line' id='line_1_61' title="bbox 961 2626 1358 2667; baseline -0.003 -11"><span class='ocrx_word' id='word_1_367' title='bbox 961 2626 1142 2667; x_wconf 83' lang='lat' dir='ltr'>quentibus</span> <span class='ocrx_word' id='word_1_368' title='bbox 1158 2626 1358 2656; x_wconf 85' lang='lat' dir='ltr'>videbimus.</span> 
     </span>
    </p>

    <p class='ocr_par' dir='ltr' id='par_1_33' title="bbox 961 2675 1658 2819">
     <span class='ocr_line' id='line_1_62' title="bbox 1006 2675 1656 2716; baseline 0 -10"><span class='ocrx_word' id='word_1_369' title='bbox 1006 2679 1043 2706; x_wconf 87' lang='lat'>15</span> <span class='ocrx_word' id='word_1_370' title='bbox 1072 2676 1231 2716; x_wconf 79' lang='lat' dir='ltr'>Norercae]</span> <span class='ocrx_word' id='word_1_371' title='bbox 1254 2675 1408 2715; x_wconf 73' lang='lat' dir='ltr'>sunonis,</span> <span class='ocrx_word' id='word_1_372' title='bbox 1423 2675 1565 2715; x_wconf 86' lang='lat' dir='ltr'>scilicet,</span> <span class='ocrx_word' id='word_1_373' title='bbox 1579 2684 1656 2716; x_wconf 88' lang='lat' dir='ltr'>quae</span> 
     </span>
     <span class='ocr_line' id='line_1_63' title="bbox 961 2726 1658 2767; baseline -0.006 -8"><span class='ocrx_word' id='word_1_374' title='bbox 961 2727 1056 2759; x_wconf 77' lang='lat' dir='ltr'>Jovis</span> <span class='ocrx_word' id='word_1_375' title='bbox 1073 2728 1210 2767; x_wconf 83' lang='lat' dir='ltr'>conjux,</span> <span class='ocrx_word' id='word_1_376' title='bbox 1237 2726 1333 2767; x_wconf 88' lang='lat' dir='ltr'>cujus</span> <span class='ocrx_word' id='word_1_377' title='bbox 1344 2726 1453 2766; x_wconf 85' lang='lat' dir='ltr'>jussu,</span> <span class='ocrx_word' id='word_1_378' title='bbox 1471 2735 1534 2766; x_wconf 78' lang='lat' dir='ltr'>per</span> <span class='ocrx_word' id='word_1_379' title='bbox 1551 2726 1658 2765; x_wconf 81' lang='lat' dir='ltr'>Eury-</span> 
     </span>
     <span class='ocr_line' id='line_1_64' title="bbox 963 2776 1658 2819; baseline -0.001 -11"><span class='ocrx_word' id='word_1_380' title='bbox 963 2777 1106 2819; x_wconf 88' lang='lat' dir='ltr'>stheum,</span> <span class='ocrx_word' id='word_1_381' title='bbox 1123 2782 1175 2810; x_wconf 85' lang='lat' dir='ltr'>tot</span> <span class='ocrx_word' id='word_1_382' title='bbox 1189 2778 1326 2810; x_wconf 84' lang='lat' dir='ltr'>labores</span> <span class='ocrx_word' id='word_1_383' title='bbox 1340 2777 1467 2810; x_wconf 87' lang='lat' dir='ltr'>subivit</span> <span class='ocrx_word' id='word_1_384' title='bbox 1477 2776 1658 2810; x_wconf 75' lang='lat' dir='ltr'>Hercules.</span> 
     </span>
    </p>
   </div>
  </div>
 </body>
</html>
