1831 3023
193 226 306 269 1180
678 240 720 270 P.
751 240 908 270 ovum
940 238 1159 270 NASONIS·

195 334 391 387 Hospita
411 337 457 374 tu
477 334 603 375 terris
624 347 753 385 erras,
773 348 869 388 ego,
893 335 1020 386 dixit,
1042 337 1087 376 in
1107 335 1250 385 undis,
1558 332 1644 374 190

192 398 532 454 Instabilemque
551 401 698 442 locum
720 402 860 442 Delos
882 402 1014 443 dedit.
1075 402 1161 443 Illa
1182 402 1359 442 duobus

194 467 333 509 Facta
352 481 506 521 parens
524 483 533 508 ε
564 470 672 508 uteri
692 481 793 520 pars
812 471 881 508 est
900 469 997 509 haec
1019 470 1204 522 septima
1223 469 1374 509 nostri.

195 535 301 575 Sum
321 535 423 574 felix
441 549 449 575 :
482 536 580 587 quis
600 536 712 574 enirn
732 539 856 586 neget
875 535 991 575 hoc‘?
1023 536 1218 589 felixque
1237 536 1442 576 manebo.

195 601 300 642 Hoc
322 615 497 654 quoque
519 602 617 654 quis
639 601 838 640 dubitet?
870 604 1011 640 tutam
1032 615 1101 641 me
1123 602 1254 654 copia
1273 602 1390 642 fecit.

195 667 344 720 Major
365 681 477 716 sum,
502 681 632 721 quam
655 668 725 707 cui
746 667 892 720 possit
914 667 1109 707 Fortuna
1129 681 1298 709 nocere.

196 735 427 786 Multaque
447 740 495 775 ut
513 736 696 787 eripiat3
727 734 864 774 multo
884 733 990 774 mihi
1010 734 1135 786 plura
1154 734 1382 787 relinquet.

195 801 435 842 Excessere
457 807 616 842 metum
634 814 732 841 mea
748 801 842 854 jam
862 801 991 841 bona.
1054 801 1224 853 Fingite
1245 801 1360 841 demi

197 868 318 908 Huic
340 868 501 920 aliquid
521 869 686 921 populo
707 871 903 908 natorum
924 880 1056 921 posse
1079 880 1272 908 meorum
1291 881 1302 918 ;

196 934 299 975 Non
319 939 467 974 tamen
488 933 544 974 ad
563 947 783 975 numerum
803 934 970 987 redigar
991 934 1180 987 spoliata
1201 934 1383 975 duorum

191 1091 248 1120 per
265 1085 376 1119 terras,
391 1091 446 1119 ego
459 1091 514 1120 per
529 1091 634 1121 aquas,
649 1086 680 1113 et
695 1083 804 1113 obtulit
819 1084 920 1113 sedem
938 1083 1159 1124 fluctuantem.
1204 1082 1266 1112 Illa
1275 1081 1366 1118 facta
1389 1084 1434 1112 est
1450 1084 1550 1112 mater
1573 1082 1648 1113 cluo-

194 1134 260 1153 rnm
275 1135 284 1153 :
308 1124 371 1153 hoec
386 1127 429 1154 est
443 1133 516 1162 pars
529 1125 659 1163 septima
671 1126 770 1155 nostri
786 1126 912 1157 ventris.
955 1125 1031 1155 Sum
1049 1125 1155 1155 beata.-
1179 1124 1246 1163 quis
1263 1125 1345 1154 enim
1356 1124 1439 1153 istud
1454 1123 1651 1164 dffteatur?

195 1171 226 1194 et
253 1165 393 1204 perstabo
424 1165 523 1196 beatu.
572 1166 651 1200 Quis
680 1168 772 1196 etiam
802 1168 886 1196 istud
912 1164 1094 1206 inficiatur?
1139 1166 1294 1196 Numerus
1322 1175 1369 1195 me
1390 1165 1470 1202 fecit
1501 1175 1650 1196 securam.

196 1207 301 1245 Major
315 1218 394 1245 sum,
415 1217 505 1247 quum
528 1208 578 1237 cui
595 1207 728 1244 fortuna
752 1211 843 1247 queat
869 1208 988 1238 obesse:
1011 1211 1039 1238 et
1055 1207 1181 1238 tametsi
1203 1207 1297 1237 multa
1318 1206 1453 1245 auferat,
1476 1208 1556 1238 sinet
1571 1208 1651 1238 mihi

194 1251 296 1289 plura.
342 1251 416 1280 Mea
431 1250 586 1287 bouujam
600 1254 821 1289 superaverunt
837 1250 988 1280 timorem.
1033 1250 1148 1280 Ponite
1173 1249 1291 1288 aliquid
1311 1259 1396 1288 posse
1419 1249 1561 1280 subtrahi
1581 1250 1652 1280 huic

194 1301 319 1322 ‘numero
344 1302 478 1323 meorum
494 1291 636 1333 filiorum
649 1302 660 1327 ;
682 1293 880 1323 nihilominus
901 1292 1052 1323 destituta
1074 1301 1133 1322 non
1155 1300 1249 1330 cogar
1273 1292 1313 1321 ad
1343 1301 1502 1322 numerum
1523 1292 1653 1323 duorum

808 1382 977 1393 ‘eman
981 1382 1017 1393 eo
1020 1382 1038 1392 e

198 1449 259 1477 189
282 1446 322 1476 In
349 1445 546 1486 quibusdam
578 1446 638 1476 Ex.
665 1456 707 1477 cr.
731 1448 960 1478 munda—191
988 1446 1120 1477 Duobus
1148 1446 1254 1477 Gron.
1284 1455 1336 1486 pr.
1357 1446 1446 1485 vulg.
1470 1446 1653 1476 duorum.—

197 1491 258 1519 194
284 1487 403 1519 Heius.
429 1487 549 1518 dubitet
577 1497 619 1518 ex
644 1489 800 1528 scriptis3
836 1490 925 1529 vulg.
958 1489 1198 1519 dubitat.—197
1232 1489 1324 1519 Unus
1351 1488 1445 1519 Med.
1480 1489 1655 1519 Excussere

197 1534 269 1561 met.
293 1529 390 1561 Leid.
427 1540 512 1560 unus
541 1531 683 1566 modum;
715 1531 798 1561 alins
830 1534 1061 1562 mamm—198
1086 1531 1130 1563 Ο.
1155 1536 1189 1561 et
1216 1535 1284 1561 tres
1309 1530 1365 1560 alii
1396 1530 1483 1561 Huic
1511 1531 1655 1570 aliquem.

196 1573 293 1603 Med.
317 1582 441 1602 numero
469 1576 569 1603 nator.
599 1573 693 1604 Leid.
719 1576 1002 1613 puerorum—199
1026 1573 1068 1604 A.
1096 1583 1157 1613 per
1188 1573 1386 1613 interrogat.
1428 1572 1512 1603 Num
1539 1576 1655 1604 lumen.

199 1614 329 1645 Genev.
345 1615 446 1644 etiam
469 1615 532 1645 red.
557 1615 725 1653 spolianda.
769 1616 932 1655 Sequitur
958 1616 1020 1646 loc.
1048 1616 1144 1646 valde
1168 1622 1346 1655 corruptus
1372 1618 1407 1645 et
1434 1614 1656 1646 disturbatum.

199 1656 291 1686 Olim
309 1657 484 1695 legebatur
499 1668 507 1687 :
535 1657 682 1696 Quodque
697 1659 782 1696 licet,
794 1658 893 1687 tacito
917 1661 1101 1688 venerantur
1117 1668 1270 1688 murmure
1287 1667 1397 1688 numen
1411 1656 1539 1687 Latonoe
1563 1656 1656 1688 turba

198 1702 343 1738 quantum
360 1699 495 1729 distabat
512 1698 549 1728 ab
566 1699 650 1734 orba,
669 1699 799 1729 Tantum
814 1701 950 1730 animosa
965 1699 1123 1737 suifuriis
1139 1700 1263 1738 agitata
1276 1699 1399 1729 doloris.
1420 1699 1585 1729 Ultimum
1603 1708 1656 1730 vs.

198 1740 329 1771 Ciofan.
346 1745 382 1770 et
399 1741 453 1770 alii
470 1740 681 1779 deleverunt,
697 1746 732 1771 et
746 1741 845 1772 abest
861 1752 879 1772 a
895 1741 1049 1781 piurimis
1071 1742 1154 1772 Mss.
1172 1741 1326 1772 Gronov.
1344 1741 1429 1772 obs.
1444 1749 1494 1771 lv.
1511 1743 1562 1770 15.
1587 1739 1655 1780 pri-

197 1792 285 1812 mum
305 1792 437 1812 versum
455 1783 647 1822 postposuit
663 1783 789 1821 multis,
815 1788 851 1814 et
879 1783 1064 1814 secundum
1082 1785 1128 1814 sic
1145 1783 1358 1814 emendavit:
1385 1782 1536 1813 Latonae.-
1560 1782 1654 1813 turba

198 1835 255 1864 qua
271 1827 417 1864 quantum
432 1824 569 1855 distabat
583 1824 619 1855 ab
636 1824 708 1855 orba
720 1823 734 1855 2?
759 1825 877 1857 Heius.
895 1826 1017 1865 probat
1042 1826 1340 1866 transpositionem
1359 1825 1508 1856 Gronov.
1525 1829 1561 1856 et
1575 1824 1658 1865 legit

198 1871 391 1906 praeterea:
417 1866 507 1896 turba
534 1877 590 1906 quo
614 1871 760 1906 quantum
784 1868 882 1898 distat
910 1868 947 1898 ab
969 1867 1069 1898 orba!
1092 1869 1208 1898 Burm.
1226 1868 1362 1899 mallet:
1387 1867 1478 1897 turba
1493 1877 1554 1907 qua
1568 1866 1658 1908 (scil.

198 1909 353 1948 duorum,
372 1914 408 1939 nt
425 1909 554 1939 ironice
572 1909 687 1949 vocat)
705 1913 851 1949 qnantum
866 1910 963 1941 distat
978 1910 1016 1941 ab
1040 1908 1140 1941 orba?
1163 1910 1335 1941 Schirach.
1351 1909 1497 1949 denique
1513 1909 1633 1940 suadet
1647 1919 1657 1939 :

198 1951 327 1982 Lutonae
365 1955 470 1990 ἴση-α’,
497 1962 578 1991 quoe,
611 1956 757 1990 quantum
783 1953 881 1982 distat
905 1952 944 1983 ub
965 1951 1067 1983 orba?
1100 1953 1167 1983 Sed
1191 1958 1226 1982 et
1258 1957 1374 1983 cetera
1403 1952 1533 1982 mendis
1565 1951 1658 1982 labo-

199 1998 288 2031 rant,
314 1993 512 2032 legebatur:
550 1995 600 2023 Itc
633 1995 710 2024 satis
740 2004 870 2034 propere
900 1995 1009 2032 sacris,
1046 1995 1134 2035 quod
1175 1994 1324 2025 Gronov.
1362 1992 1491 2024 fatetur
1526 2003 1561 2024 se
1589 2003 1657 2024 non

199 2035 405 2073 intelligere.
461 2035 591 2066 Suadet
623 2036 743 2074 igitur:
783 2037 844 2075 Ite,
869 2040 916 2067 sat
947 2040 992 2073 est
1019 2046 1118 2076 operoe
1146 2037 1339 2075 sacris,aut‚
1365 2035 1415 2065 Ite
1440 2036 1517 2065 satis
1544 2045 1599 2075 pro
1623 2045 1658 2067 re

199 2077 293 2115 sacri,
319 2082 375 2107 aut
407 2078 456 2107 Ite
485 2078 562 2108 satis
583 2087 723 2117 properae
749 2079 856 2116 sacris,
886 2083 923 2108 ut
947 2079 995 2109 ita
1022 2088 1084 2118 per
1111 2083 1319 2109 contemtum
1343 2077 1496 2117 appellet
1518 2078 1659 2109 Thebai-

200 2119 259 2149 das
287 2119 553 2158 superstitiosas,
580 2119 790 2159 t'estinasque
817 2120 858 2150 ad
886 2130 982 2151 sacra
1006 2120 1310 2160 accipienda.Jac.
1328 2120 1480 2151 Gronov.
1508 2120 1608 2151 Tom.
1631 2129 1657 2153 1.

201 2161 318 2201 Antiq.
333 2162 450 2191 Graec.
477 2161 622 2199 volebat,
649 2162 698 2192 Ite
721 2162 786 2191 aris
809 2172 936 2202 propere
957 2162 995 2192 ab
1013 2163 1125 2193 sacris:
1149 2163 1263 2193 Burni.
1281 2163 1368 2202 conj.
1392 2162 1452 2201 Ite,
1468 2172 1575 2194 manus
1585 2172 1658 2203 pro-

200 2203 301 2233 hibete
313 2204 426 2234 sacris:
449 2203 619 2234 Schirach.
637 2204 686 2234 Ite
702 2205 811 2241 sacris,
825 2214 954 2244 propere
969 2205 1014 2235 ite
1035 2205 1154 2235 sacris.-
1185 2205 1251 2235 Ms.
1270 2205 1398 2244 Geirig.
1422 2205 1471 2235 Ite
1485 2206 1657 2245 satis‚pro-

197 2249 304 2285 parate
320 2246 428 2284 saeris,
444 2245 533 2285 quod
550 2246 639 2276 inter
656 2245 721 2276 alia
747 2252 900 2277 suaserat
918 2247 1038 2277 Heius.
1063 2247 1217 2285 Bothius,
1242 2247 1377 2278 Vindic.
1405 2246 1506 2278 ovid.
1522 2257 1564 2277 ex
1591 2248 1658 2280 Ms.

203 2288 354 2319 Berolin.
370 2288 426 2329 qui
442 2287 544 2319 habet
566 2288 616 2319 Ite
630 2288 706 2318 satis
719 2292 878 2328 properete
892 2290 1004 2329 sacris,
1018 2290 1090 2321 baec
1119 2290 1317 2330 exsculpsit,
1343 2290 1403 2329 lte,
1430 2293 1477 2320 sat
1507 2293 1564 2330 est,
1586 2299 1658 2330 pro·

858 2396 997 2428 NOTAE

246 2482 306 2511 1¹30
332 2478 483 2519 Hospita]
508 2478 698 2510 Consimiiis
727 2479 825 2510 sortis
850 2489 901 2510 ra-

204 2529 295 2560 tione
322 2534 411 2559 mota
438 2529 546 2559 insula
583 2529 702 2568 Delos,
732 2539 808 2570 quae
841 2529 901 2560 sub

201 2580 296 2620 aquis
314 2579 511 2619 jactabatur
534 2579 685 2617 emersit,
703 2585 738 2609 nt
762 2580 900 2610 Latonae

202 2631 316 2660 sedem
344 2628 530 2669 praeberem
563 2638 660 2669 quam
688 2629 824 2669 quidem
854 2629 901 2659 in-

203 2681 357 2711 stabilem
373 2679 509 2720 Jupiter
529 2689 586 2709 seu
606 2679 901 2719 Neptunusjussit

204 2730 399 2760 consistere.
455 2728 563 2759 Dicta
593 2738 671 2759 vero
701 2733 754 2760 est
780 2729 902 2769 Delos,

203 2790 262 2812 scu
290 2779 482 2820 manifesta,
510 2779 598 2820 quod
630 2779 760 2811 Graecis
790 2784 901 2812 ortum

956 2489 1072 2511 versus
1095 2480 1358 2521 respicientibus
1382 2479 1527 2511 maxime
1552 2489 1657 2520 appa-

956 2536 1050 2568 reat;
1073 2540 1116 2561 ex
1141 2541 1206 2571 quo
1234 2536 1269 2561 et
1298 2536 1408 2566 tracta
1429 2530 1544 2561 fabula
1567 2532 1657 2571 quod

957 2580 989 2611 in
1013 2591 1054 2612 ea
1085 2581 1140 2611 Sol
1165 2586 1200 2611 et
1226 2582 1321 2611 Luna
1346 2580 1514 2611 cunabula
1532 2580 1657 2612 habue-

957 2631 1037 2670 rint,
1053 2641 1127 2662 cum
1146 2631 1224 2661 inde
1238 2631 1317 2661 oriri
1334 2631 1486 2672 quotidie
1503 2630 1658 2661 videren-

957 2684 1030 2717 tur3
1049 2680 1139 2710 vario
1153 2690 1268 2710 eorum
1287 2689 1347 2719 per
1365 2679 1547 2710 Zodiacum
1563 2684 1658 2711 metu

958 2729 1000 2761 ad
1017 2729 1132 2762 insula:
1149 2729 1405 2761 fluctuationem
1420 2728 1597 2761 attributo.
