1831 3023
370 696 445 752 P.
507 695 868 753 OVIDII
937 694 1418 754 NASONIS

267 942 1520 1021 METAMORPHOSEON

672 1180 932 1229 LIBER
987 1179 1117 1226 XII.

168 1578 284 1620 FAB.
305 1579 343 1620 I.
363 1583 407 1620 et
429 1579 494 1621 II.
555 1580 738 1633 Serpens
757 1579 800 1619 in
823 1579 1050 1633 Lapidem.
1101 1579 1329 1632 Iphigenia
1347 1579 1392 1619 in
1412 1578 1614 1621 Cervam.

164 1696 422 1738 AGAMEMNON‚
442 1699 538 1729 Atrei
565 1703 601 1729 et
624 1700 767 1740 AEropes
790 1700 890 1738 filins,
913 1701 981 1730 dux
999 1700 1214 1739 Achivorum,
1231 1709 1307 1730 cum
1332 1699 1364 1729 in
1381 1699 1505 1730 Aulide
1519 1699 1616 1732 Jovis

209 1760 305 1781 sacra
328 1752 545 1790 ministraret,
572 1752 750 1792 conspexit
777 1751 959 1782 draconem
984 1753 1015 1782 in
1040 1753 1171 1792 arbore,
1197 1762 1271 1792 quae
1296 1752 1514 1792 impendebat
1537 1761 1617 1792 arae,

206 1803 338 1842 lapsum
356 1803 397 1833 ad
415 1804 528 1834 nidum
543 1805 710 1834 volucris:
737 1805 789 1845 cuj
797 1814 831 1834 us
844 1809 922 1835 octo
939 1805 1039 1844 pullis
1053 1805 1236 1835 consumtis
1254 1804 1295 1835 ab
1309 1804 1427 1835 eodem
1441 1809 1616 1846 serpente,

206 1855 385 1886 novissime
402 1856 504 1887 etiam
521 1857 784 1887 circumvolante
800 1861 909 1887 matre
933 1857 1055 1898 aquila,
1070 1858 1142 1897 ipse
1159 1867 1342 1888 conversus
1368 1857 1403 1888 in
1420 1867 1536 1888 saxum
1552 1862 1618 1890 est.

207 1909 357 1940 Quorum
374 1909 528 1949 prodigio
546 1910 688 1940 Calchas
704 1910 877 1941 Thestoris
906 1909 994 1941 filius
1022 1911 1208 1951 respondit,
1232 1921 1294 1951 pel·
1309 1921 1430 1942 novem
1456 1920 1559 1942 annos
1581 1911 1616 1942 in

204 1961 368 1992 Troadem
386 1961 623 1993 dimicaturos:
652 1962 782 1993 decimo
799 1967 910 1993 autem
929 1963 992 1993 Ilio
1005 1963 1187 2003 potituros.
1233 1964 1356 1995 Fertur
1373 1967 1485 1995 autem
1501 1967 1617 2004 portus

206 2014 349 2045 Boeotiae
367 2014 421 2046 hic
439 2025 524 2053 esse,
538 2016 594 2046 ubi
613 2016 702 2046 mille
719 2025 822 2046 naves
839 2016 988 2047 adversis
1004 2016 1264 2056 tempestatibus
1280 2017 1465 2049 stetissent.
1482 2017 1617 2047 Moran-

206 2066 297 2098 tibus
314 2068 401 2097 enim
427 2067 578 2107 Achivis,
595 2069 821 2109 respondetur
838 2080 857 2100 a
873 2070 1075 2108 Calchante,
1092 2079 1155 2100 non
1180 2074 1259 2100 ante
1281 2070 1402 2100 classes
1426 2079 1524 2110 posse
1546 2079 1615 2100 mo-

205 2120 289 2159 veri,
304 2131 403 2160 quam
427 2121 638 2161 Iphigeniam
655 2127 753 2162 pater
778 2123 996 2153 immolasset.
1042 2124 1127 2155 Quae
1152 2132 1227 2153 cum
1246 2132 1305 2162 pro
1321 2132 1357 2152 re
1380 2122 1547 2154 communi
1571 2123 1614 2154 ad

207 2181 298 2202 aram
314 2178 402 2203 esset
418 2175 603 2213 applicata,
627 2175 716 2206 inter
739 2175 996 2206 sacrificandum
1012 2175 1166 2206 obductis
1180 2174 1325 2205 nubibus
1348 2185 1366 2206 a
1381 2175 1493 2207 Diana
1515 2180 1615 2217 rapta

207 2228 273 2264 est,
286 2229 321 2255 et
338 2234 399 2264 pro
416 2234 457 2255 ea
472 2228 649 2266 supposita
665 2237 778 2259 cerva.

169 2318 408 2376 NEsclth
432 2338 638 2377 assumtis
660 2338 861 2379 Priamus
882 2343 1002 2392 pater
1020 2340 1219 2380 AEsacon
1236 2341 1318 2381 alis

166 2401 342 2452 Vivere,
364 2402 563 2455 lugebat:
595 2405 759 2445 tumulo
781 2418 957 2458 quoque
979 2419 1135 2446 nomen
1154 2406 1334 2448 habenti

207 2529 230 2550 1.
257 2519 403 2550 Priamus
417 2520 563 2559 ignorans
579 2523 710 2553 AEsacon
726 2524 790 2554 vita
800 2523 872 2561 frui
888 2525 945 2555 alis
960 2525 1090 2565 indutis,
1106 2525 1250 2557 moerebat
1262 2537 1272 2557 .·
1296 2526 1414 2558 Hector
1425 2526 1518 2558 etiam
1529 2536 1611 2568 μναῖ-

772 2608 1005 2620 eeeeeeeeeeee

209 2667 222 2694 l
249 2662 369 2695 Heius.
386 2665 475 2704 conj.
501 2666 635 2697 Nesc.at
650 2666 770 2697 sumtis.
816 2668 978 2699 Vivianus
995 2672 1094 2699 notat
1115 2669 1146 2701 iu
1168 2669 1366 2710 quibusdam
1393 2669 1460 2710 legi
1480 2679 1611 2711 puerum

815 2761 952 2792 NOTAE

291 2834 310 2862 2
338 2831 479 2873 Τιυηαίο]
508 2833 732 2876 Cenotaphio,
753 2835 786 2865 iu
804 2845 868 2876 quo
884 2835 995 2866 AEsaci
1012 2846 1133 2869 nomen
1149 2838 1220 2871 sine
1238 2848 1381 2880 corpore
1396 2844 1480 2872 erat.
