1831 3023
198 267 315 310 1526
681 281 725 310 P.
757 278 915 308 oviDn
949 278 1160 310 NAsoNis

201 373 337 414 Haud
360 375 456 415 tulit
475 374 678 415 ulterius:
711 375 955 427 clypeoque
977 373 1159 415 adversa
1179 373 1358 414 reducto

199 441 285 482 Ter
305 445 457 495 quater
478 455 554 482 ora
572 442 669 490 viri,
694 441 852 493 capulo
874 452 986 480 cava
1006 445 1197 494 tempora
1218 441 1392 493 pulsat:

201 508 463 561 Cedentique
484 521 673 561 sequens
694 509 854 558 instat3
886 509 1129 562 turbatque,
1149 510 1338 561 ruitque,

200 575 490 627 Attonitoque
510 578 640 626 negat.
658 576 867 628 requiem.
928 575 1073 616 Pavor
1092 580 1281 629 occupat
1300 575 1436 622 illum,
1569 572 1654 613 135

202 642 317 683 Ante
337 642 575 695 oculosque
595 647 751 684 natant
768 645 982 684 tenebrae:
1014 648 1215 698 retroque
1233 644 1383 684 serenti

203 708 398 749 Aversos
420 722 582 764 passus
602 712 746 752 medio
761 712 876 765 lapis
899 712 1067 753 obstitit
1087 725 1205 753 arvo.

205 775 347 825 Quem
371 789 502 830 super
522 778 757 831 impulsum
774 780 986 831 resupino
1006 782 1187 831 pectore
1206 778 1409 832 Cycnum

201 841 262 882 Vi
280 842 416 883 multa
437 845 579 892 vertit,
602 848 820 896 terraeque
843 844 1002 884 afflixit
1023 844 1229 888 Achilles.

203 908 331 959 Tum,
355 910 511 963 clypeo
530 910 796 963 genibusque
818 922 1020 963 premens
1041 912 1290 962 praecordia
1310 911 1447 961 duris,
1574 909 1659 949 140

204 976 367 1017 Vincla
386 977 516 1017 trahit
535 977 702 1030 galeae:
735 991 832 1030 quae
850 989 1004 1030 presso
1020 976 1197 1018 subdita
1216 982 1364 1018 mento

205 1044 384 1086 Elidunt
402 1044 571 1094 fauces,
593 1050 636 1086 et
655 1046 924 1098 respiramen
944 1045 1109 1098 iterque

206 1110 409 1164 Eripiunt
426 1112 598 1153 animae.
656 1112 838 1152 Victum
861 1112 1053 1165 spoliare
1077 1112 1287 1165 parabat:

206 1177 344 1218 Arma
363 1178 517 1219 relicta
536 1178 682 1220 videt:
714 1191 871 1232 corpus
900 1179 1018 1219 Deus
1038 1179 1232 1232 aequoris
1252 1179 1397 1219 albam

208 1244 404 1286 Contulit
426 1245 471 1285 in
487 1246 731 1298 volucrem3
764 1245 890 1299 cujus
911 1246 1043 1287 modo
1062 1259 1219 1287 nomen
1237 1246 1444 1287 habebat.
1581 1245 1666 1285 145

211 1375 283 1406 Non
298 1377 427 1415 amplius
448 1386 557 1416 passus
579 1380 636 1417 est,
652 1381 682 1408 et
708 1379 812 1419 clypco
832 1378 966 1419 repetito
988 1382 1037 1410 ter
1062 1380 1172 1418 quater
1193 1378 1326 1418 percutit
1348 1379 1466 1408 vultum
1482 1376 1554 1417 ciri,
1569 1380 1600 1407 et
1614 1377 1666 1407 de-

207 1426 312 1458 pressa
326 1423 461 1458 tempora
475 1421 590 1459 capulo.
633 1421 737 1460 Atque
760 1431 941 1460 persequens
966 1424 1055 1460 urget
1071 1423 1241 1458 cedentem,
1256 1424 1347 1461 atque
1368 1421 1483 1457 turbat,
1497 1423 1525 1450 et
1542 1420 1623 1459 agit,
1634 1423 1665 1450 et

209 1465 329 1491 recusat
344 1463 474 1500 quietem
500 1462 661 1493 exterrita
707 1464 812 1493 Pavor
836 1464 924 1493 illum
946 1463 1088 1503 corripit,
1111 1466 1141 1493 et
1166 1464 1268 1502 caligo
1292 1463 1472 1494 obversatur
1497 1462 1612 1492 oculis:
1635 1464 1666 1492 et

210 1513 320 1533 saxum
345 1505 376 1533 in
394 1504 491 1534 medio
506 1514 611 1544 campo
626 1504 748 1535 obstitit
763 1508 849 1535 retro
860 1505 984 1543 ferenti
999 1514 1118 1536 aversos
1139 1515 1276 1543 gressus.
1322 1505 1423 1545 Super
1437 1505 1516 1544 quod
1532 1503 1668 1534 Achilles

211 1546 326 1583 dejecit
342 1556 452 1584 magno
477 1547 547 1577 nisu
571 1547 735 1587 impulsum
766 1548 905 1588 Cycnum
926 1552 1047 1587 pectore
1070 1548 1226 1587 resupin,
1250 1552 1341 1588 atque
1365 1549 1398 1578 in
1425 1550 1542 1577 terrum
1570 1546 1667 1577 dedit.

214 1587 292 1618 Tum
305 1598 418 1627 urgens
433 1593 539 1628 pectus
553 1590 657 1629 clypeo
673 1593 702 1620 et
718 1591 829 1620 validis
839 1590 980 1630 genibus,
995 1590 1094 1621 trahit
1110 1591 1281 1621 retinacula
1295 1590 1434 1628 cassidis,
1451 1599 1517 1629 quae
1532 1588 1669 1630 subjecta

211 1633 313 1661 mento
338 1641 442 1670 presso
460 1631 619 1670 frangunt
631 1633 751 1670 gulam,
775 1635 865 1671 alque
890 1634 1002 1663 tollunt
1019 1633 1166 1672 spiritum
1183 1636 1212 1663 et
1228 1633 1310 1663 vium
1330 1633 1494 1663 anhelitus.
1544 1631 1670 1662 Volebat

212 1682 323 1703 exuere
338 1674 471 1704 victum:
497 1675 632 1704 advertit
645 1683 732 1703 arma
748 1674 868 1704 relicta.
915 1675 1005 1704 Deus
1018 1675 1115 1704 maris
1128 1675 1261 1705 mutavit
1284 1685 1395 1714 corpus
1413 1674 1446 1704 in
1463 1683 1548 1704 avem
1564 1673 1671 1705 candi-

213 1716 296 1754 dam,
312 1716 399 1753 cujus
414 1718 500 1746 modo
511 1715 640 1746 habebat
656 1725 774 1747 nomen.

826 1799 1060 1811 eaeaeouaemaee

214 1865 302 1906 conj.
319 1865 352 1896 in
367 1866 564 1897 nudo.-——132
589 1865 694 1905 Olim,
705 1865 870 1906 gladioque
894 1874 956 1904 pro
978 1866 1113 1906 clypeoq.
1139 1869 1175 1896 et
1191 1874 1252 1906 pro
1267 1866 1392 1897 reducto
1415 1865 1526 1905 multi,
1547 1870 1674 1906 retecto,

214 1907 339 1948 rejecto,
353 1913 485 1949 recepto,
501 1909 622 1948 relicto,
637 1910 873 1940 remota—133
889 1908 1040 1938 Beroliu.
1057 1918 1123 1949 cap.
1138 1911 1169 1938 et
1183 1911 1359 1940 cau—134
1375 1909 1535 1949 Cedentiq.
1552 1909 1675 1940 Heius.

217 1950 314 1981 dedit
329 1961 370 1981 ex
389 1951 540 1991 plurimis
564 1951 672 1983 Codd.
690 1961 751 1992 pro
768 1952 857 1991 vulg.
878 1952 1186 1991 Cedentemq.—137
1210 1951 1360 1983 Berolin.
1375 1951 1543 1982 Adversos.
1569 1952 1675 1983 Dein-

216 1994 261 2024 de
279 1994 449 2024 Meursius
466 1993 508 2025 ad
525 1995 677 2034 Lycoph.
702 1997 777 2025 233.
803 1994 887 2034 legit
911 1993 988 2024 obst.
1004 2003 1107 2024 armo:
1133 1995 1218 2024 alius
1244 1995 1432 2025 alum—138
1455 1994 1603 2025 Berolin.
1625 2003 1674 2024 re-

216 2046 285 2076 sup.
316 2040 560 2077 corpore.—-139
583 2037 711 2078 Afflioeic
734 2047 776 2067 ex
807 2035 923 2067 multis
937 2041 1024 2067 vett.
1056 2036 1113 2067 alii
1140 2036 1256 2078 affixit,
1287 2038 1342 2067 vel
1371 2036 1500 2078 infixit:
1524 2036 1675 2067 nonnulii

218 2079 318 2109 etiam
334 2080 567 2120 affligit.——l42
591 2080 710 2110 Heius.
727 2079 800 2110 vult
814 2080 932 2112 elidunt
943 2089 957 2116 ;
979 2083 1098 2120 etseq.
1114 2089 1162 2109 vs.
1190 2079 1351 2119 Eripiunt.
1375 2079 1443 2109 Pro
1468 2079 1602 2109 Elidunt
1627 2079 1674 2110 N.

217 2120 320 2152 habet
335 2122 537 2163 Concludunt,
547 2123 601 2153 vel
618 2122 894 2154 Collidunt.——144
917 2122 1097 2162 Langerm.
1109 2122 1210 2153 relict.
1225 2122 1403 2153 locu—145
1428 2121 1578 2152 Berolin.
1593 2131 1675 2153 nom.

876 2216 1018 2248 NOTAE

265 2293 327 2322 134
353 2289 485 2331 Turbat]
507 2290 700 2321 Etiamnum
724 2289 824 2321 hodie
840 2299 922 2322 nou·
977 2291 1071 2330 cnjus
1098 2290 1188 2322 alitis
1215 2292 1380 2332 Cycnum,
1402 2292 1502 2324 atium
1526 2291 1679 2324 Stheneli

223 2341 331 2372 nullos
346 2340 465 2371 dicunt
487 2340 691 2372 carminibus
714 2345 750 2372 et
767 2341 925 2373 amuletis
975 2339 1094 2379 tilium,
1119 2341 1140 2372 l.
1156 2349 1195 2373 11.
1215 2339 1356 2372 formam
1373 2351 1506 2384 quoque
1528 2341 1678 2374 induisse

221 2391 271 2423 ita
285 2391 445 2422 adversus
465 2391 532 2422 vim
555 2400 687 2422 omnem
703 2401 778 2433 quae
794 2392 923 2423 eminus
977 2390 1133 2421 vidimus.
1186 2391 1239 2422 Ex
1255 2391 1317 2422 hac
1341 2396 1455 2423 autem
1475 2397 1680 2424 transmuta-

222 2445 362 2482 paretur
387 2450 461 2471 esse
485 2440 719 2482 praemunitos,
736 2445 773 2472 ut
789 2441 853 2473 nisi
869 2451 924 2473 co·
978 2441 1083 2480 tione,
1100 2445 1177 2481 post
1189 2440 1262 2473 fata
1276 2443 1420 2474 maxime
1432 2443 1548 2474 vivere
1561 2442 1681 2483 bonos,

223 2491 331 2522 minus
354 2491 578 2531 opprimendo
601 2496 636 2523 et
660 2491 855 2524 suffocando
871 2503 924 2524 su-
981 2500 1122 2532 quorum
1147 2491 1327 2523 virtutibus
1353 2492 1437 2523 nihil
1460 2491 1604 2533 amplius
1620 2497 1680 2524 aut

224 2542 335 2584 pei-ari
352 2547 489 2583 queant.
534 2542 729 2584 Quanquam
747 2553 807 2582 per
822 2543 924 2574 virtu-
978 2541 1108 2573 invidia
1123 2547 1182 2573 aut
1197 2542 1410 2574 inimicorum
1434 2542 1582 2583 impetus
1602 2551 1680 2583 poa·

225 2596 294 2624 tem
318 2591 527 2623 inviolabiles
550 2602 626 2623 suos
653 2593 772 2623 heroas
787 2593 927 2625 finxisse
981 2593 1049 2623 sint
1082 2591 1275 2633 detrahere,
1309 2601 1453 2634 pronum
1486 2595 1539 2624 est
1564 2596 1678 2624 mente

226 2647 362 2674 veteres
377 2642 483 2683 magis
497 2642 712 2674 crediderim.
980 2643 1150 2685 consequi.

272 2695 331 2724 145
375 2692 547 2734 Volucrem]
581 2693 746 2734 Cycnum,
781 2693 927 2736 scilicet,
