1831 3023
192 217 304 259 1536
684 226 722 255 P.
754 223 915 254 ovmu
950 223 1161 253 NAsoms

194 323 303 377 Igne
317 323 481 363 rubens
502 320 758 374 plerumque
779 318 901 367 solet,
918 318 1036 370 quod
1054 317 1218 369 forcipe
1240 327 1373 356 curva

195 390 306 432 Cum
330 390 451 430 faber
472 387 639 434 eduxit,
661 386 844 426 lacubus
867 384 1077 426 demittit:
1113 389 1156 424 at
1177 383 1289 423 illud

197 457 375 505 Stridet,
398 465 439 495 et
459 457 501 495 in
523 453 697 506 trepida
718 453 986 491 submersum
1009 452 1158 492 sibilat
1178 449 1310 490 unda.

196 524 383 565 Saucius
405 520 581 561 hirsutis
602 517 781 557 avidum
799 517 854 558 de
877 518 1070 558 crinibus
1090 519 1235 570 ignem
1565 512 1650 554 280

197 590 375 631 Excutit
392 602 400 628 :
432 588 561 638 inque
579 584 780 625 humeros
801 585 932 625 limen
952 585 1108 625 tellure
1130 584 1347 625 revulsum

197 656 351 703 Tollit,
375 665 484 694 onus
504 651 688 705 plaustri
705 665 715 692 t
747 651 867 704 quod
884 665 936 691 ne
956 652 1178 705 permittat
1199 652 1243 691 in
1262 650 1450 698 hostem,

198 721 309 773 Ipsa
329 720 435 760 facit
455 719 664 771 gravitas.
726 718 906 759 Socium
928 731 1103 772 quoque
1125 730 1262 758 saxea
1281 715 1419 758 moles

199 787 440 841 Oppressit
461 787 812 840 spatiostantem
833 787 1038 838 propiore
1061 785 1291 825 Cometen:

197 853 373 895 Gaudia
392 867 470 894 nec
491 853 639 892 retinet
661 851 870 890 Rhoetus.
932 851 1008 890 Sic
1030 863 1298 902 comprecor,
1328 849 1485 903 inquit,
1570 846 1656 890 285

199 920 355 962 Cetera
374 920 433 960 sit
453 918 578 959 fortis
601 920 838 957 castrorum
858 917 986 957 turba
1005 919 1175 956 tuorum
1192 930 1203 966 ;

199 988 551 1039 Semicremoque
570 988 706 1026 novat
726 985 958 1037 repetitum
979 984 1130 1037 stipite
1149 984 1329 1025 vulnus:

199 1055 374 1109 Terque
395 1056 637 1107 quaterque
660 1052 782 1105 gravi
797 1051 1027 1105 juncturas
1047 1051 1227 1092 verticis
1249 1051 1341 1093 ictu

204 1122 372 1176 Rupit:
404 1125 445 1161 et
466 1121 512 1161 in
531 1120 699 1174 liquido
721 1119 926 1161 sederunt
947 1133 1050 1161 ossa
1074 1120 1262 1162 cerebro.

201 1189 361 1230 Victor
382 1188 439 1229 ad
462 1188 695 1240 Evagrum,
714 1187 1056 1242 Corythumque,
1075 1188 1360 1241 Dryantaque
1381 1186 1546 1228 transit.
1577 1185 1661 1227 290

209 1255 241 1296 E
261 1256 422 1309 quibus
442 1260 491 1296 ut
506 1255 647 1308 prima
667 1259 805 1296 tectus
823 1256 1027 1309 lanugine
1049 1255 1191 1296 malas

205 1322 448 1365 Procubuit
470 1321 686 1375 Corythus
705 1337 715 1374 ;
748 1323 892 1364 Puero
914 1336 1012 1376 quae
1034 1322 1176 1375 gloria
1194 1321 1293 1363 fuso

206 1390 340 1431 Parta
360 1390 440 1429 tibi
460 1390 559 1430 est?
594 1389 793 1442 Evagros
822 1391 900 1432 ait.
962 1390 1062 1431 Nec
1084 1390 1226 1430 dicere
1248 1389 1438 1430 Rhoetus

204 1457 344 1498 Plura
365 1457 465 1497 sinit
482 1471 491 1497 :
523 1457 766 1510 rutilasque
786 1457 917 1498 ferox
935 1458 983 1497 in
1001 1462 1154 1511 aperta
1171 1457 1389 1510 loquentis

206 1523 413 1564 Condidit
433 1535 511 1563 ora
529 1523 628 1572 viri,
651 1536 813 1576 perque
835 1536 885 1564 os
914 1523 959 1563 in
981 1528 1173 1577 pectora,
1195 1524 1407 1564 flammas.
1580 1523 1665 1565 295

204 1590 273 1631 Te
296 1602 484 1643 quoque,
507 1601 624 1630 saeve
647 1589 783 1642 Drya,
807 1589 970 1631 circum
993 1595 1128 1644 caput
1147 1591 1246 1643 igne
1265 1593 1406 1630 rotato

206 1711 280 1741 dens
301 1711 457 1741 consuevit
479 1711 618 1748 reddere,
639 1710 718 1749 quod
740 1709 911 1746 cumfaber
934 1710 1078 1740 extraxit
1094 1710 1215 1750 forcipe
1237 1711 1356 1740 adunca
1370 1708 1472 1746 injicit
1486 1709 1521 1740 in
1536 1709 1666 1743 labrum.

208 1755 253 1784 At
267 1752 344 1782 illud
359 1761 489 1782 mersum
503 1752 648 1791 crepitat,
662 1755 752 1791 atque
766 1752 874 1782 sibilat
888 1752 921 1782 in
937 1762 1015 1792 aqua
1029 1755 1188 1783 tremente.
1238 1751 1420 1781 Vulneratus
1430 1751 1551 1782 excutit
1563 1752 1669 1792 ignem

205 1804 349 1834 rapacem
363 1796 400 1824 de
415 1804 500 1825 coma
519 1794 642 1834 hispida
655 1804 664 1829 ,⁸
688 1797 780 1834 atque
794 1794 875 1824 tollit
890 1794 925 1825 in
947 1795 1087 1825 humeros
1101 1804 1213 1825 saxum
1228 1803 1267 1824 ex
1281 1797 1368 1824 terra
1382 1797 1570 1834 extractum,
1594 1805 1669 1827 onus

205 1837 351 1877 plaustri,
366 1838 443 1876 quod
460 1847 497 1867 ne
503 1837 618 1875 jaciat,
635 1837 666 1867 in
681 1836 798 1867 hostem
813 1837 881 1877 ipsa
894 1837 1037 1876 gravitas
1051 1837 1203 1877 prohibet.
1249 1836 1377 1867 Pondus
1392 1836 1505 1876 lapidis
1518 1838 1668 1877 oppressit

208 1879 302 1910 etiam
331 1881 484 1909 Cometem
513 1879 638 1919 propius
661 1882 804 1911 stantem.
850 1880 957 1920 Neque
984 1880 1115 1910 Rhoetus
1137 1879 1311 1910 dissimulat
1338 1879 1493 1910 loetttiam.
1539 1880 1592 1911 Ita
1605 1890 1669 1921 oro,

209 1922 268 1960 ait,
282 1922 325 1952 sit
338 1923 473 1952 validam
489 1922 642 1962 reliquum
657 1931 768 1960 agmen
784 1925 907 1953 tuorum
921 1922 1083 1961 sociorum,
1098 1925 1190 1962 atque
1203 1922 1341 1960 geminat
1354 1922 1479 1961 plagam
1493 1926 1670 1954 renovatam

209 1968 294 1995 torre
317 1965 473 2002 semiusto,
498 1969 527 1996 et
551 1963 707 2003 perfregit
733 1967 839 2005 terque
862 1968 1028 2005 quaterque
1058 1965 1271 1995 commissuras
1295 1964 1408 2003 capitis
1434 1974 1513 1994 saevo
1537 1964 1613 2005 ictu,
1639 1969 1670 1997 et

211 2016 278 2037 ossa
291 2010 468 2037 manserunt
484 2007 516 2037 in
525 2006 629 2047 fluido
644 2006 776 2037 cerebro.
828 2007 934 2038 Victor
949 2007 1063 2038 transit
1077 2008 1116 2038 ad
1133 2008 1305 2046 Evagrnm,
1323 2007 1563 2046 Corythumque,
1578 2012 1670 2048 atque

210 2049 426 2089 Dryanthem:
449 2059 464 2079 e
491 2049 602 2089 quibus
624 2052 782 2089 postquam
809 2050 965 2090 Corythus
987 2051 1104 2081 velatas
1127 2049 1239 2080 habens
1252 2048 1397 2079 maxillas
1409 2049 1511 2088 prima
1525 2050 1671 2089 lanugine

211 2092 298 2121 humi
316 2095 436 2122 stratus
460 2096 517 2131 est,
541 2092 618 2126 Quae
641 2092 707 2122 laus
720 2092 778 2122 tibi
793 2095 982 2132 comparata,
999 2092 1102 2132 inquit
1117 2092 1273 2130 Euagrus,
1288 2092 1479 2121 adolescente
1488 2091 1671 2131 prostrato?

217 2134 322 2172 Neque
350 2134 481 2164 Rhoetus
508 2135 632 2172 patitur
657 2134 747 2174 plura
772 2134 931 2174 proferre:
956 2138 1049 2175 atque
1064 2144 1162 2164 saevus
1183 2133 1313 2164 immisit
1336 2133 1424 2173 ignes
1437 2143 1574 2164 coruscos
1589 2134 1622 2165 in
1637 2145 1671 2165 os

211 2178 353 2215 apertum
368 2175 429 2205 viri
445 2176 607 2217 loquentis,
619 2179 652 2206 et
663 2186 719 2216 per
734 2186 766 2207 os
782 2177 814 2207 in
836 2180 954 2217 pectus.
999 2176 1204 2216 Persequitur
1226 2178 1257 2206 te
1279 2175 1385 2216 etiam,
1414 2177 1546 2207 crudelis
1568 2177 1674 2218 Drya,

823 2268 1059 2280 ‘eece-‘oeteo‘

217 2324 327 2356 Marci
343 2324 420 2365 quod
428 2323 540 2365 forfice
552 2333 562 2353 .·
585 2322 681 2354 Med.
695 2332 779 2354 unus
783 2323 906 2363 forcipe
916 2324 1152 2355 adunca—279
1169 2324 1303 2364 Trepida
1316 2324 1435 2356 Heius.
1446 2324 1542 2356 dedit
1553 2335 1595 2356 ex
1608 2326 1672 2358 Ur-

218 2367 287 2397 bin.
305 2367 435 2398 duobus
451 2366 525 2396 Pal.
539 2366 638 2397 Cant.
651 2365 696 2396 0.
709 2371 852 2407 utroque
868 2366 1057 2407 Hambnrg.
1073 2377 1123 2406 pr.
1136 2367 1226 2397 Mor.
1241 2371 1276 2397 et
1288 2367 1404 2397 multis
1417 2367 1507 2405 aliis;
1524 2369 1614 2409 vulg.
1627 2373 1674 2400 te·

213 2410 405 2450 piam—281
419 2409 487 2439 Pro
497 2407 673 2448 limen,duo
684 2418 805 2448 sarum,
818 2412 852 2438 et
863 2418 946 2439 unus
957 2409 1194 2447 lignum—283
1205 2409 1248 2440 Ο.
1258 2419 1344 2449 quoq.
1354 2409 1450 2440 noxia
1458 2410 1527 2441 mol.
1539 2410 1672 2443 Arund.

216 2452 439 2482 saneim—285
454 2450 573 2482 Heins.
588 2456 703 2481 monet
715 2456 773 2481 aut
786 2452 920 2481 retinens
937 2460 996 2490 pro
1012 2453 1122 2482 retinet
1138 2451 1334 2491 legendum3
1345 2456 1403 2481 aut
1417 2453 1520 2492 sicque
1536 2463 1553 2483 ο
1565 2464 1673 2494 precor

218 2503 280 2534 pro
291 2494 334 2524 sic
346 2503 530 2535 comprecor.
540 2493 683 2525 Quidam
697 2497 806 2523 tamen
816 2494 859 2524 sic
868 2494 1037 2533 sicprecor,
1052 2499 1088 2524 ut
1100 2495 1170 2524 AEn.
1183 2503 1229 2524 ιν.
1243 2496 1422 2525 eoa—286
1435 2494 1590 2528 Heidelb.
1604 2497 1672 2528 Cet.

219 2535 349 2573 sicfort.
364 2535 452 2577 quod
465 2545 530 2566 non
544 2536 759 2566 invenustum
771 2541 868 2575 putat
882 2537 1142 2567 Bothum—290
1156 2536 1258 2566 Multi
1267 2537 1420 2566 scribunt
1432 2537 1673 2579 Drimantaque.

219 2581 325 2610 —293
340 2578 434 2609 Unus
452 2579 529 2609 Bas.
543 2578 641 2608 Pacta
656 2578 712 2608 tib.
726 2579 774 2608 Ex
795 2588 859 2608 uno
878 2588 937 2609 suo
952 2578 1071 2610 Heins.
1099 2580 1238 2617 Evagros
1254 2578 1369 2617 dedit;
1393 2579 1484 2618 vulg.
1500 2581 1672 2622 Evagrus:

221 2622 305 2653 alius
323 2621 601 2652 Evandrum—294
625 2620 720 2651 Med.
747 2621 908 2661 loquenti‚·
932 2626 966 2651 et
993 2626 1073 2652 tunc
1099 2631 1169 2662 seq.
1197 2631 1243 2652 vs-
1269 2622 1335 2652 viro
1358 2622 1549 2662 legendum.
1593 2624 1672 2656 Bas.

885 2707 1022 2738 NOTAE

385 2770 448 2799 296
473 2768 599 2801 Circum
624 2769 731 2810 caput]
765 2771 840 2804 Quo
863 2775 956 2802 motu
981 2772 1114 2811 gravior
1131 2775 1167 2804 et
1189 2771 1340 2813 paratior
1356 2771 1396 2804 fit
1414 2771 1512 2804 ictus.
