1831 3023
225 230 337 271 1114

709 241 748 273 Ρ.
783 240 941 271 ovmll
973 238 1185 270 NASONIS

227 334 473 387 Deviaque,
493 338 538 373 et
558 333 694 387 sylvis
712 334 932 375 horrentia
953 347 1066 374 saxa
1084 332 1272 385 fragosis

229 400 480 452 Gorgoneas
501 401 698 453 tetigisse
715 401 867 443 domos
884 415 893 442 2
926 402 1180 455 passimque
1199 413 1274 453 per
1293 411 1433 451 agros,

228 467 398 521 Perque
420 469 514 508 vias
536 467 701 508 vidisse
722 469 942 509 hominum
964 469 1214 516 simul-acra,
1235 466 1522 518 ferarumque,

231 534 285 574 In
306 535 472 574 silicem
495 548 551 573 ex
576 535 687 587 ipsis
709 535 810 575 visa
831 547 1046 575 conversa
1067 534 1280 574 Medusa:

1597 528 1681 572 780

229 601 286 641 Se
305 605 449 642 tamen
472 601 693 642 horrendae
718 602 874 655 clypei,
896 601 1013 655 quod
1033 601 1148 642 laeva
1170 600 1359 651 gerebat,

234 667 339 708 AEre
359 681 617 721 repercusso
637 668 822 708 formam
843 669 1070 720 aspexisse
1092 666 1291 707 Medusae
1308 680 1317 706 ι

235 735 441 788 Dumque
463 737 606 787 gravis
626 746 807 775 somnus
830 734 1120 786 colubrasque
1140 735 1368 786 ipsamque
1387 733 1574 781 tenebat,

234 801 457 855 Eripuisse
481 805 615 854 caput
637 803 752 842 collo
770 816 779 842 :
812 801 1050 854 pennisque
1070 801 1271 851 fugacem

236 867 453 920 Pegason,
476 873 519 909 et
537 869 726 917 fratrem,
743 867 896 908 matris
917 866 971 906 de
993 867 1202 918 sanguine
1221 868 1362 905 natos

1607 862 1693 905 785

236 933 426 976 Addidit
445 939 486 975 et
505 936 622 988 longi
643 948 728 975 non
748 935 863 975 salsa
882 934 1079 988 pericula
1098 945 1251 973 cursus
1271 945 1279 971 ε

238 1000 354 1051 Quae
377 1002 501 1050 freta,
524 1015 633 1054 quas
651 1006 784 1043 terras
805 1002 885 1041 sub
909 1014 956 1040 se
976 1000 1160 1040 vidisset
1179 999 1233 1039 ab
1257 999 1345 1039 alto
1363 1012 1372 1038 z

237 1067 296 1108 Et
315 1081 414 1121 quae·
430 1069 610 1121 jactatis
632 1069 845 1121 tetigisset
866 1069 1005 1109 sidera
1022 1068 1189 1120 pennis.

238 1133 357 1174 Ante
379 1139 661 1187 expectatum
681 1136 822 1175 tacuit
841 1140 997 1176 tamen.

240 1200 280 1240 E
298 1212 478 1240 numero
500 1212 744 1251 procerum,
767 1213 988 1251 quaerens,
1009 1214 1086 1240 cur
1109 1202 1204 1240 sola
1226 1213 1423 1240 sororum

1059 1135 1243 1187 Excipit
1264 1147 1374 1174 unus

1613 1197 1699 1238 790

244 1332 274 1360 et
291 1329 393 1368 devia,
406 1332 435 1358 et
451 1338 543 1368 rupes
558 1328 701 1358 horridas
715 1327 812 1367 sylvis
826 1328 965 1357 sonoris.-
989 1330 1019 1357 εἰ
1035 1328 1184 1357 invenisse
1208 1328 1279 1357 hinc
1293 1327 1365 1357 inde
1387 1336 1444 1366 per
1467 1336 1588 1366 campos
1604 1329 1635 1356 et
1647 1336 1704 1366 per

245 1372 312 1402 vias
327 1372 479 1410 imagines
494 1372 630 1401 virorum
647 1374 675 1400 et
690 1370 859 1400 belluarum
876 1372 1013 1399 mutatas
1027 1380 1067 1400 ex
1082 1371 1158 1409 ipsis
1172 1370 1202 1399 in
1218 1380 1306 1407 saxa,
1325 1372 1484 1409 conspecta
1499 1370 1632 1398 Medusa
1642 1379 1652 1399 .·
1673 1377 1705 1398 se

245 1417 347 1444 tamen
362 1413 475 1444 vidisse
490 1414 620 1453 speciem
636 1412 788 1442 terribilis
806 1413 948 1442 Medusoe
963 1421 1024 1442 ατε
1048 1412 1163 1452 reflexo
1189 1411 1299 1452 clypei,
1315 1422 1400 1451 quem
1417 1410 1542 1449 serebat
1555 1411 1684 1441 sinistra
1695 1421 1706 1441 .-

245 1460 276 1486 et
291 1457 364 1486 dum
379 1465 467 1496 sopor
483 1457 564 1485 altus
580 1454 705 1485 haberet
719 1458 748 1484 et
764 1455 861 1494 ipsam
878 1458 908 1484 et
924 1457 1091 1494 serpentes,
1108 1454 1266 1484 abstulisse
1282 1457 1373 1493 caput
1398 1454 1490 1484 cotto.-
1513 1456 1543 1483 et
1559 1452 1704 1491 Pegason

243 1499 369 1529 celerem
383 1498 504 1537 pennis,
517 1501 545 1527 et
555 1497 693 1535 fratrem
709 1497 929 1537 Chrysaorem
943 1496 1064 1535 genitos
1080 1498 1116 1527 de
1132 1496 1280 1535 sanguine
1307 1496 1424 1527 matris.
1470 1495 1594 1534 Acijecz't
1609 1497 1705 1525 etiam

245 1550 305 1571 non
312 1540 393 1581 ficta
410 1540 592 1570 discrimina
606 1539 723 1579 prolixi
739 1539 883 1575 itineris;
907 1549 973 1578 quoe
988 1539 1099 1574 maria,
1117 1550 1191 1578 quas
1204 1543 1305 1569 {erras
1316 1538 1449 1568 intuitus
1464 1541 1540 1568 esset
1554 1537 1608 1568 sub
1620 1547 1652 1567 se
1667 1537 1706 1567 ab

247 1583 366 1613 excelso
383 1584 469 1613 coelo
483 1593 491 1621 3
516 1586 545 1612 et
562 1582 670 1622 quibus
694 1581 846 1612 sideribus
872 1582 1010 1611 admotus
1026 1580 1141 1618 suisset
1164 1581 1269 1621 pennis
1295 1581 1437 1619 agitatis.
1482 1580 1579 1611 Siluit
1605 1583 1708 1610 tamen

251 1624 345 1656 citius
361 1635 450 1665 quam
465 1625 706 1655 desideraretur.
757 1624 843 1654 Unus
858 1633 898 1654 ex
911 1623 1099 1663 primoribus
1114 1624 1303 1663 interrogat,
1320 1623 1494 1663 exquirens,
1516 1622 1709 1663 quamobrem

863 1712 1097 1723 eeeeeeeeeeee

253 1784 296 1806 ex
310 1774 506 1806 fnelioribus
532 1775 628 1806 dedit
643 1776 799 1814 partitas;
823 1775 911 1813 vulg.
933 1775 1176 1805 sortitus—777
1199 1775 1367 1814 Bernegg.
1383 1775 1562 1814 Spirensis,
1577 1773 1710 1804 Arund.

253 1822 288 1848 et
304 1823 380 1848 octo
396 1818 453 1847 alii
467 1819 588 1848 arentia
604 1820 800 1848 saxa—779
826 1817 1147 1854 Beroli11.ferarum‚
1164 1817 1287 1846 omissa
1303 1817 1542 1855 copula—781
1570 1815 1715 1846 Plurimi

254 1859 363 1890 Codd.
381 1870 468 1898 quem
481 1861 558 1890 lawa
572 1870 582 1895 ,²
606 1865 641 1890 et
656 1860 702 1890 ita
720 1859 915 1889 Edd.—782
931 1859 1076 1890 Quidam
1097 1860 1159 1888 Ore
1174 1868 1349 1898 repercusso
1363 1869 1373 1894 ‚·
1399 1859 1517 1890 Heius.
1530 1858 1617 1898 conj.
1632 1857 1713 1888 orbe.

254 1902 334 1933 Jun.
359 1901 458 1939 form.
483 1905 770 1942 aspectasse.—783
795 1902 900 1932 Multi
935 1901 1012 1932 edd.
1039 1901 1243 1940 colubrosque.
1270 1901 1400 1931 Teneret
1425 1902 1526 1931 etiam
1554 1900 1651 1932 Leid.
1677 1905 1714 1930 et

254 1944 384 1974 Bersm.
403 1944 617 1974 Codd.—484
642 1944 761 1975 Heius.
779 1944 865 1983 conj.
895 1944 1091 1982 Exsecutsse,
1107 1944 1160 1973 vel
1186 1944 1390 1973 Praesecuisse
1401 1945 1608 1982 capim—785
1632 1942 1713 1974 Qui-

256 1985 332 2016 dam
349 1989 378 2016 et
403 1986 528 2023 fontem
552 1987 684 2022 matris;
709 1987 743 2016 in
770 1985 972 2026 quibusdam
991 1990 1074 2015 vett.
1099 1988 1129 2015 et
1147 1984 1271 2022 fratres
1296 1985 1426 2022 matris;
1449 1990 1496 2024 et,
1513 1987 1550 2016 de
1564 1984 1714 2024 sanguine

917 2094 1056 2124 NOTAE

298 2174 363 2203 778
389 2172 582 2211 Gorgoneas]
609 2172 649 2203 In
668 2173 786 2213 quibus
802 2172 960 2212 Medusa,

260 2221 412 2261 Sthenio,
425 2229 460 2252 et
486 2223 633 2262 Euryale
657 2222 839 2261 degebant.
884 2223 961 2254 Jam

232 2300 244 2314 ,
260 2272 395 2303 monui:
427 2271 651 2301 consulendus
676 2271 808 2301 omnino
832 2271 963 2302 Natalis

263 2324 396 2361 Comes,
412 2323 468 2364 qui
485 2324 568 2353 lianc
594 2322 743 2353 fabulam
767 2323 906 2363 egregie
922 2324 962 2353 ad

261 2383 372 2406 mores
391 2372 634 2404 accommodat.

306 2426 368 2454 782
394 2425 471 2454 AEre
494 2423 680 2462 repercusso]
729 2424 778 2453 Ne
807 2424 832 2452 si
860 2424 964 2463 ipsam

264 2473 440 2505 Medusam
470 2473 540 2502 sine
571 2473 704 2512 clypeo,
739 2483 804 2511 quo
836 2473 965 2512 speculi

264 2524 337 2555 loco
359 2533 438 2554 usus
463 2528 525 2557 est,
549 2522 685 2552 incaute
708 2524 907 2561 aspexisset,
934 2522 965 2552 iu

267 2583 385 2604 saxum
415 2572 625 2612 obriguisset.
699 2573 773 2602 Non
804 2578 879 2602 sunt
913 2583 965 2603 vo-

267 2624 417 2664 luptates
452 2624 521 2654 sine
564 2623 736 2662 sapienti-¹¹2
779 2624 901 2664 vlypeo
933 2630 968 2654 et

267 2675 405 2714 speculo
421 2673 595 2711 adeundae,
609 2683 673 2713 quo
696 2683 810 2703 ean-niu
829 2683 968 2713 serpens

264 2733 434 2756 venenum
451 2723 666 2763 cognoscitur
682 2730 715 2753 et
734 2723 893 2754 evitatur.

313 2776 375 2803 785
410 2774 567 2813 Pegason]
613 2774 727 2814 Equus
758 2773 825 2804 fuit
853 2775 971 2813 alatus,

271 2830 371 2865 quem
387 2832 463 2854 cum
488 2824 675 2865 Chrysaore
699 2822 818 2864 fratre,
839 2824 970 2856 homine

1016 2174 1164 2215 quidem,
1188 2175 1214 2205 si
1244 2175 1316 2206 Diis
1342 2176 1466 2215 placet,
1491 2185 1533 2206 ex
1559 2176 1714 2207 Medusae

1016 2225 1177 2264 sanguine
1195 2225 1227 2254 in
1245 2230 1368 2255 terram
1383 2224 1536 2265 delapso,
1549 2225 1590 2256 ad
1604 2225 1717 2257 fontes

1017 2274 1161 2313 Oceani,
1189 2285 1207 2304 a
1231 2275 1351 2315 quibus
1372 2284 1503 2312 nomen,
1526 2280 1642 2306 natum
1663 2285 1717 2306 vo·

1018 2325 1163 2354 luerunt.

1061 2377 1124 2404 786
1148 2373 1329 2413 Nonsalsa]
1373 2374 1509 2413 Quippe
1531 2373 1719 2413 fugientem

1021 2429 1213 2463 persecutae
1239 2429 1317 2454 sunt
1340 2424 1479 2454 Sthenio
1513 2430 1548 2454 et
1571 2425 1718 2464 Euryale

1021 2476 1132 2512 alatae,
1155 2474 1374 2513 inanibusque
1401 2472 1521 2503 ferrei.-
1548 2482 1567 2502 a
1600 2477 1722 2504 natura

1021 2525 1217 2555 instructae:
1244 2524 1301 2554 sed
1313 2524 1402 2553 illum
1413 2523 1565 2553 Plutonis
1575 2522 1721 2554 obscura

1023 2575 1132 2613 galea,
1162 2583 1258 2613 quam
1297 2573 1423 2603 circum
1463 2582 1530 2602 nox
1568 2572 1723 2614 piurima,

1025 2626 1186 2662 protexit.

1066 2675 1128 2703 789
1151 2673 1235 2703 Ante
1249 2671 1457 2712 expectatum]
1482 2672 1530 2703 Ut
1545 2672 1623 2703 hinc
1648 2682 1725 2712 gra-

1024 2724 1185 2754 tissimam
1201 2724 1317 2755 credas
1340 2721 1442 2754 fuisse
1463 2722 1580 2755 Persei
1602 2722 1723 2767 oratio-

1025 2783 1113 2806 nem.
1143 2785 1176 2816 0
