1831 3023
522 192 999 227 METAMORPHOSEON
1033 194 1130 225 ΜΒ.
1163 194 1255 225 xli.
1503 188 1616 231 1523

159 288 258 340 Ille,
280 291 385 344 quid
407 305 434 332 a
454 290 580 332 nobis
600 288 758 330 vulnus
780 288 952 328 miraris
974 288 1162 328 abesse?

156 355 432 411 (Mirabatur
455 354 607 409 enim.)
666 355 771 396 Non
792 355 904 405 haec,
925 367 1057 408 quam
1080 354 1237 403 cemis,
1255 355 1428 408 equinis

163 423 306 466 Fulva
321 426 445 479 jubis
467 425 625 473 cassiS,
644 435 785 475 neque
807 435 917 464 onus
938 435 1052 464 cava
1072 435 1226 476 parma
1246 418 1435 464 sinist'rae

160 490 346 534 Auxilio
369 493 476 534 mihi
497 493 595 533 sunt
612 504 622 532 t
654 490 788 532 decor
807 494 876 531 est
895 490 1109 544 quaesitus
1129 490 1185 530 ab
1206 489 1319 531 istis.
1563 490 1620 532 90

162 558 288 600 Mars
306 573 484 614 quoque
501 560 558 601 ob
573 558 658 600 hoc
676 571 832 612 capere
850 570 973 599 arma
985 558 1113 599 solet.
1158 557 1474 600 Removebitur
1490 569 1619 599 omne

160 625 388 679 Tegminis
408 626 626 678 officium3
657 630 802 667 tamen
822 626 1105 667 indestrictus
1125 625 1271 666 abibo.

163 691 246 736 Est
267 693 448 747 aliquid,
469 706 555 734 non
574 705 675 734 esse
697 697 839 734 satum
863 691 1072 742 Nereide,
1095 692 1170 732 sed
1191 694 1268 746 qui

164 760 412 814 Nereaque,
433 764 475 801 et
494 763 632 810 natas,
655 765 703 801 et
723 764 862 802 totum
883 763 1095 813 temperet
1113 772 1280 813 aequor.

167 827 320 869 Dixit:
353 832 396 868 et
414 828 636 869 haesurum
657 827 804 881 clypei
825 828 1078 869 curvamine
1098 827 1234 869 telum
1568 827 1626 868 95

166 893 293 936 Misit
314 895 360 935 in
380 895 618 936 AEaciden:
649 895 769 949 quod
790 898 833 936 et
852 908 931 944 aeS‚
952 899 994 936 et
1012 895 1221 948 proxima
1240 896 1359 949 rupit

164 961 307 1016 Terga
328 975 503 1003 novena
522 963 651 1003 boum
669 976 678 1003 :
710 961 882 1003 decimo
902 965 1050 1002 tamen
1070 962 1175 1002 orbe
1197 966 1426 1004 moratum.

166 1028 347 1070 Excutit
364 1030 446 1070 hoc
466 1030 619 1070 heros:
651 1041 884 1082 rursusque
905 1029 1138 1069 trementia
1157 1028 1261 1069 forti

165 1095 279 1138 Tela
300 1109 430 1137 manu
451 1098 598 1138 torsit:
629 1109 780 1138 rursus
801 1096 895 1138 sine
915 1096 1090 1136 vulnere
1112 1108 1291 1150 corpus,

169 1163 488 1218 Sinccrumque
505 1164 600 1214 fuit,
617 1177 696 1205 nec
719 1164 843 1206 tertia
864 1164 1016 1218 cuspis
1035 1166 1248 1217 apertum,
1544 1162 1631 1205 100

167 1228 226 1271 Et
244 1242 292 1271 se
312 1231 580 1284 praebentem
601 1231 741 1273 valuit
760 1230 1024 1283 destringere
1045 1230 1261 1284 Cycnum.

170 1297 309 1338 Haud
330 1311 458 1341 secus
479 1299 661 1349 exarsit,
684 1311 817 1352 quam
839 1297 972 1338 Circo
993 1302 1146 1338 taurus
1169 1303 1337 1350 aperto,

171 1364 282 1406 Cum
305 1378 387 1406 sua
406 1365 589 1406 terribili
610 1366 722 1419 petit
742 1364 986 1404 irritamina
1006 1376 1141 1403 cornu

170 1431 411 1472 Poeniceas
430 1435 592 1482 vestes,
613 1431 824 1484 elusaque
843 1429 1025 1470 vulnera
1046 1429 1190 1471 sentit.

169 1589 224 1610 eur
236 1582 341 1620 stupes
354 1580 432 1620 quod
446 1579 559 1611 intacti
568 1580 663 1612 simus
673 1578 690 1612 :1
718 1581 872 1621 (namque
886 1580 1030 1620 stupidus
1045 1578 1216 1618 hoerebat.)
1261 1579 1333 1611 Non
1348 1579 1412 1611 haec
1431 1582 1523 1621 galea
1528 1582 1632 1622 staca,

172 1632 265 1663 quam
280 1623 377 1662 vides,
391 1623 510 1663 equinis
526 1622 625 1663 jubis,
638 1633 734 1664 neque
749 1627 869 1654 scutum
883 1633 1008 1654 curvum
1023 1632 1098 1652 mnus
1113 1622 1251 1652 sinistra>
1265 1626 1337 1654 sunt
1351 1623 1430 1654 mihi
1451 1625 1491 1655 ud
1514 1624 1636 1656 utima-

173 1669 256 1701 tem,·
279 1666 419 1696 decorum
435 1669 479 1696 est
491 1666 626 1705 petitum
640 1676 696 1705 per·
710 1667 782 1697 ista.
828 1666 920 1696 IiIurs
934 1665 1028 1695 etiam
1043 1675 1076 1695 eu
1090 1666 1199 1703 gratia
1220 1665 1374 1696 consuevit
1391 1667 1517 1698 induere
1536 1678 1636 1699 armu.

176 1708 275 1738 Omne
287 1707 438 1738 auxilium
453 1717 607 1738 armorum
622 1709 772 1745 tulletum
794 1711 897 1738 tamen
913 1708 1066 1738 discedam
1083 1706 1304 1738 inmlnerdtus.
1353 1708 1412 1739 Est
1437 1710 1554 1749 aliquid
1576 1720 1637 1740 non

173 1758 238 1781 esse
250 1754 357 1780 nutum
378 1750 524 1788 Nereide,
539 1752 591 1782 sed
605 1752 657 1790 qui
672 1755 760 1790 regat
777 1751 924 1789 Nereum,
938 1753 968 1780 et
984 1749 1058 1789 ejus
1074 1749 1166 1788 lilius,
1177 1754 1207 1780 et
1220 1750 1394 1781 universum
1407 1761 1502 1781 mare.
1526 1751 1637 1791 Dixit,

174 1797 206 1824 et
222 1792 349 1823 intorsit
367 1793 396 1822 in
414 1793 563 1823 *Euciden
582 1793 724 1832 jaculum
749 1793 943 1824 adhaesurum
966 1791 1087 1823 umboni
1111 1793 1232 1832 clypei;
1254 1794 1332 1833 quod
1347 1794 1521 1833 penetrarit
1537 1798 1565 1824 et
1583 1804 1638 1833 (τε,

175 1839 205 1866 et
221 1835 304 1865 coria
320 1845 426 1865 norem
443 1835 531 1865 boum
543 1847 553 1866 .·
575 1837 690 1867 decimo
707 1840 809 1866 lumen
824 1836 959 1874 tegmine
976 1844 1160 1874 repressum,
1173 1835 1263 1866 heros
1277 1836 1355 1866 illud
1371 1837 1502 1873 excutit,
1519 1846 1637 1867 rursus-

176 1887 232 1918 que
249 1877 369 1917 impulit
386 1881 510 1908 strenua
525 1879 653 1910 Δια-τινα
670 1879 794 1909 vibrans
804 1878 938 1913 hastile,·
960 1887 1068 1908 rursus
1080 1877 1260 1917 corpusfuit
1278 1879 1433 1917 integrum
1445 1880 1510 1908 sine
1524 1881 1617 1919 pluga
1628 1890 1638 1910 .·

176 1929 270 1960 neque
284 1921 396 1950 tertius
407 1931 510 1950 mucro
525 1921 628 1960 potuit
641 1923 802 1952 vulnerare
819 1921 957 1962 Cycnum
968 1930 1000 1951 se
1014 1920 1217 1951 exhibentem.
1265 1921 1335 1951 Non
1347 1921 1442 1952 aliter
1457 1923 1638 1959 excanduit,

176 1973 268 2003 quum
282 1966 392 1993 taurus
409 1963 502 1993 Circo
523 1964 672 2004 spatioso,
697 1974 766 1995 cum
788 1964 921 1995 incurrit
944 1973 1040 1994 cornu
1055 1962 1208 2000 fulmineo
1230 1962 1263 1993 in
1277 1966 1375 1994 vestes
1395 1974 1568 2004 purpureus
1583 1974 1639 1996 suu

793 2056 1023 2068 ‹nemeto-900

173 2120 264 2159 suma
272 2119 341 2159 jum
355 2124 386 2151 te
399 2130 448 2160 pr.
473 2120 567 2152 Med.
582 2121 805 2160 praevidimus5
831 2131 877 2161 pr.
895 2121 1001 2153 Gron.
1014 2113 1318 2160 mmmmm-90
1342 2120 1450 2151 Gron.
1475 2130 1525 2161 pr.
1541 2121 1643 2152 Auxi-

180 2163 269 2202 lium,
284 2169 321 2194 ut
338 2162 476 2194 Remed.
490 2163 607 2195 Amor.
625 2167 785 2195 528.—91
813 2163 975 2195 Francius
997 2162 1160 2201 malebat,
1175 2161 1211 2192 ob
1226 2163 1314 2193 hunc.
1358 2163 1512 2204 Septem,
1528 2173 1641 2195 remon.

181 2215 270 2242 ατε,-
295 2205 389 2237 Med.
408 2215 492 2236 unus
508 2207 620 2245 λεύκῃ
646 2207 994 2238 Beronn.omne.-92
1020 2205 1169 2235 Berolin.
1195 2204 1487 2237 indistricta-9⁴
1518 2207 1642 2247 Tempe-

126 2283 129 2285 ,
181 2251 230 2279 ret
246 2258 288 2278 ex
307 2247 351 2279 N.
376 2248 504 2278 duobus
529 2249 622 2280 Med.
638 2254 672 2280 et
702 2259 767 2280 uno
794 2249 943 2280 Strozzae
971 2247 1066 2279 dedit
1094 2247 1213 2278 Heius.
1232 2257 1293 2288 pro
1320 2249 1409 2287 vulg.
1435 2252 1643 2289 temperat.—

181 2293 222 2322 9¹1
241 2290 342 2322 Cant.
355 2296 390 2321 et
408 2299 491 2321 unus
509 2290 629 2321 Heius.
645 2301 706 2322 απ
720 2295 882 2323 moratum.
895 2292 993 2322 Voss.
1008 2296 1044 2322 et
1061 2289 1300 2322 Menard.orbe
1314 2291 1533 2323 maistin—98
1551 2292 1642 2324 Ante

183 2332 307 2366 Heius.
323 2333 492 2365 edebatur
510 2333 640 2374 Excipit
663 2334 738 2365 hoc:
762 2335 918 2366 meliores
933 2334 1060 2365 habent
1077 2333 1330 2365 limata—101
1356 2333 1425 2365 Alii
1438 2336 1496 2366 vul.
1512 2336 1642 2366 distrin-

845 2439 984 2473 NOTAE

229 2523 271 2552 88
296 2521 536 2563 Equinisjubin]
558 2522 605 2553 Iis
618 2531 699 2553 vero
717 2522 890 2563 galearum
943 2530 1018 2560 nus,
1045 2520 1103 2562 qui
1134 2520 1334 2561 Neptunum
1364 2520 1472 2560 ipsum
1511 2524 1642 2559 patrem

188 2569 306 2602 eriam
323 2570 486 2602 decorare
504 2581 638 2613 quoquc
662 2571 819 2603 solebant
833 2571 892 2602 he·
943 2572 1097 2611 liaberet,
1126 2581 1318 2613 quanquam
1348 2570 1514 2610 modeste,
1550 2575 1644 2600 exte-

190 2620 284 2652 ro'es:
320 2621 398 2652 hinc
427 2621 509 2652 illud
539 2621 658 2662 virgil.
691 2625 700 2641 ‘
718 2621 891 2663 cristaque
942 2628 1025 2654 nuat
1042 2628 1169 2654 tamen.

189 2671 339 2702 hirsutus
358 2671 505 2712 equina!
985 2676 1026 2704 97
1051 2672 1168 2711 Terga]
1192 2671 1231 2702 ld
1247 2675 1310 2709 est,
1325 2680 1445 2700 novum
1464 2675 1557 2710 terga
1574 2670 1644 2711 qui-

248 2723 289 2751 93
328 2722 479 2762 Nereide]
516 2723 636 2755 Qualis
675 2722 738 2753 fuit
773 2723 890 2754 'rhetis
946 2723 1008 2754 bus
1025 2723 1165 2763 clypeus
1181 2720 1371 2751 cont-tubat.

192 2770 335 2803 Achillis
358 2776 488 2812 maten
523 2782 622 2814 quam
649 2773 790 2814 gloriam
806 2773 892 2814 Cyc-
990 2777 1049 2805 104
1089 2772 1264 2812 Puniceus]
1299 2769 1437 2811 Effigies
1475 2770 1645 2803 homiuum

323 2902 338 2918 Ι
