1831 3023
393 179 434 209 P.
457 177 614 209 0v1D11
645 174 858 206 NASONIS
892 173 1221 207 METAMORPH.
1252 178 1348 209 LIB.
1372 179 1424 209 X.

1523 171 1634 212 1407

183 270 324 314 Affuit
341 272 413 314 ille
429 272 630 326 quidem:
661 269 739 310 sed
759 282 841 311 nec
862 269 1058 311 solennia
1078 269 1228 319 verba,

184 339 284 382 Neo
302 341 428 382 laetos
449 339 608 387 vultuS‚
629 350 712 378 nec
731 337 838 378 felix
857 337 1002 378 attulit
1018 349 1159 378 omen.
1612 341 1638 379 5

187 407 286 448 Fax
306 419 491 462 quoque,
512 418 646 459 quam
665 404 814 455 tenuit,
833 405 1085 460 lacrymoso
1107 402 1296 446 stridula
1314 403 1453 454 fumo,

185 473 338 528 Usque
358 473 452 522 fuit,
473 472 712 526 nullosque
731 472 896 514 invenit
920 472 1111 513 motibus
1130 472 1270 524 ignes.

185 540 345 582 Exitus
365 540 564 594 auspicio
585 540 756 592 gravior
773 553 782 580 :
813 552 914 581 nam
934 543 1086 594 nupta,
1108 552 1186 593 per
1205 539 1382 580 herbas-

185 608 303 649 Dum
320 620 434 649 nova
454 607 681 648 Naiadum
699 607 828 647 turba
847 607 1057 648 comitata
1075 610 1270 660 vagatur,

186 674 376 724 Decidit,
397 675 443 715 in
463 673 601 715 talum
620 671 838 728 >serpentis
856 673 983 714 dente
1004 679 1199 726 recepto.

1584 674 1640 715 10

185 740 331 792 Quam
353 742 461 782 satis
478 741 536 782 ad
557 753 742 795 superas
764 744 1001 796 postquam
1023 740 1317 795 Rhodopeius
1338 753 1468 782 auras

186 808 381 849 Deflevit
399 812 521 850 vates
538 823 549 861 ;
580 823 632 851 ne
652 822 742 851 non
760 813 946 851 tentaret
964 813 1007 850 et
1027 809 1221 859 umbras,

184 875 256 916 Ad
275 875 412 929 Styga
431 876 640 918 Taenaria
660 881 725 919 est
747 890 883 918 ausus
904 876 1164 918 descendere
1184 880 1327 930 porta.

179 1015 266 1037 noces
277 1007 426 1045 solennes,
441 1017 534 1047 neque
549 1007 667 1045 faciem
682 1008 826 1045 hilarem,
842 1016 937 1047 neque
952 1006 1056 1037 loetum
1076 1006 1276 1046 praesagium.
1327 1006 1421 1037 Toeda
1435 1005 1530 1038 etiam
1545 1017 1638 1048 quum

181 1051 330 1080 tractavit
350 1050 507 1092 crepitans
522 1050 614 1089 fumo
636 1050 787 1092 lacrymas
808 1050 917 1088 ciente,
932 1053 961 1080 et
977 1049 1070 1080 sicuti
1087 1049 1168 1087 suit,
1184 1050 1303 1080 nullam
1313 1049 1480 1090 flammam
1499 1050 1638 1090 concepit

180 1092 381 1123 concussione.
427 1093 567 1124 Eventus
580 1094 703 1124 tristior
716 1094 837 1128 omine:
858 1103 929 1124 num
945 1094 1018 1123 dum
1041 1102 1117 1122 nora
1133 1095 1230 1132 nupta
1247 1092 1364 1132 stipata
1379 1096 1459 1123 coetu
1476 1091 1638 1123 Naiadum

181 1134 315 1165 ambulat
333 1145 388 1174 per
409 1136 568 1175 gramina,
592 1136 728 1174 interiit,
752 1137 842 1166 dente
864 1136 976 1175 anguis
998 1135 1129 1165 admisso
1152 1134 1186 1165 in
1211 1136 1319 1166 talum.
1367 1136 1469 1170 Quam
1485 1134 1538 1166 ubi
1553 1139 1639 1166 vates

183 1176 377 1218 Rhodopeius
389 1179 468 1209 satis
480 1179 652 1219 deploravit
667 1180 706 1210 ad
716 1179 816 1209 u‘e'rem
826 1188 981 1218 superum,
994 1188 1031 1208 ne
1043 1187 1101 1207 non
1114 1178 1207 1208 etiam
1221 1178 1396 1218 exploraret
1409 1178 1535 1216 illane-⁹,
1547 1177 1641 1208 susti-

180 1220 248 1250 nuit
262 1221 442 1252 descendere
464 1222 502 1252 ad
528 1221 658 1262 Stygem
681 1225 775 1262 porta
804 1221 958 1252 Toenuria.
1002 1221 1106 1260 Atque
1131 1220 1258 1251 accessit
1283 1221 1323 1250 ad
1350 1221 1583 1260 Proserpinam,
1610 1222 1641 1250 et

800 1304 1031 1317 oeeeuoveeeoe

183 1358 274 1398 vulg.
295 1361 497 1389 vocatum-4
521 1359 670 1390 Berolin.
685 1369 744 1389 non
766 1359 821 1388 sol.
868 1357 963 1387 Unus
980 1357 1060 1386 Bas.
1087 1356 1142 1385 sol.
1158 1354 1247 1394 J'ura,
1270 1355 1358 1395 quod
1375 1359 1506 1386 extum
1532 1361 1644 1388 ortum

183 1401 301 1430 Burm.
319 1404 496 1440 putat.—7
520 1401 617 1432 Unus
631 1401 726 1431 Voss.
744 1405 780 1431 et
799 1408 882 1430 unus
898 1397 992 1429 Leid.
1021 1396 1214 1437 thuefuit‚
1230 1398 1328 1428 nullos
1344 1398 1406 1429 inv.
1424 1399 1513 1439 quod
1531 1399 1646 1440 placet

183 1441 369 1474 Heius—9
391 1443 470 1475 Sec.
484 1443 560 1475 Pal.
576 1443 663 1475 alter
673 1442 798 1474 Twisd.
817 1446 852 1474 et
868 1441 951 1472 alius
967 1439 1174 1471 lilaenalidum
1188 1439 1379 1472 turtum—10
1403 1441 1536 1473 Decidit
1553 1451 1571 1474 e
1588 1443 1644 1474 Fr.

849 1536 989 1569 NOTAE

182 1613 243 1645 ciae
279 1613 321 1645 ad
348 1614 503 1646 Hebrum
529 1615 707 1657 lacumque
733 1615 883 1647 Bistoni-

184 1664 272 1696 dem.

227 1716 246 1744 3
274 1714 415 1754 Orphea]
463 1715 606 1756 Orphei,
643 1716 812 1757 Apollinis
842 1725 885 1746 ex

185 1762 339 1804 Calliope
364 1764 465 1795 Musa
480 1764 553 1805 filii,
575 1766 632 1806 qui
656 1775 675 1797 a
697 1771 796 1806 patre
811 1766 886 1806 lyra

185 1819 330 1854 accepta
357 1815 443 1846 mira
472 1825 547 1857 qua:
573 1816 734 1858 deinceps
759 1815 887 1847 videbi·

185 1874 258 1895 mus
276 1865 434 1905 patravit.

229 1915 457 1956 Nequicquum]
474 1916 562 1948 Quia
578 1916 760 1949 infeliciter
775 1926 887 1948 cesse-

184 1970 264 1997 runt
279 1967 422 2007 nuptia‘.

227 2019 247 2048 4
271 2016 430 2057 solennia]
455 2018 539 2050 Quae
564 2017 751 2049 faustitatis
776 2018 886 2059 gratia

186 2067 230 2099 ab
257 2067 446 2108 Hymeuaeo
478 2067 734 2107 proferrentur;
773 2067 886 2108 qualia

185 2119 258 2150 haec
284 2123 410 2157 essent,
426 2121 435 2134 ⁴
454 2117 574 2149 faustae
604 2117 790 2159 felicesque
818 2118 888 2148 sint

185 2168 236 2200 hae
252 2167 405 2208 nuptiae:
421 2171 486 2200 διο.

227 2220 248 2249 6
272 2218 358 2258 Γπ]
384 2219 489 2249 Faces
518 2218 550 2249 in
577 2218 703 2259 nuptiis
734 2217 887 2249 adhiberi

185 2268 302 2300 solitas
318 2269 390 2308 jam
421 2268 521 2299 toties
545 2267 700 2308 vidimus,
724 2273 761 2299 ut
785 2268 886 2300 taedio

187 2318 229 2350 sit
246 2323 416 2359 repetere.

229 2368 428 2410 lacrymoso]
451 2368 517 2401 Qui
542 2368 682 2409 Orpheo
699 2370 886 2410 praesertim

187 2419 353 2460 lacrymas
371 2423 566 2450 excuteret.

231 2472 250 2501 7
276 2470 403 2510 Nullos]
441 2471 642 2509 Quanquam
670 2469 887 2501 concussione

189 2523 225 2550 et
254 2517 427 2561 frequenti
453 2519 674 2550 ventilatione
702 2519 787 2560 ignis
802 2520 888 2552 solet

191 2569 343 2609 accendi,
359 2569 559 2611 flammaque
576 2570 730 2602 excitari.

233 2621 254 2650 9
278 2619 379 2659 Dum]
417 2619 504 2650 Dum
532 2618 666 2658 fugeret
695 2621 889 2660 Ariminum,

193 2669 330 2712 scripsit
365 2670 540 2710 Virgilius.
601 2672 710 2703 Quam
741 2672 887 2704 fabulam

192 2721 239 2752 ita
255 2718 444 2763 exponunt,
459 2725 497 2753 ut
520 2730 582 2763 per
599 2722 792 2764 Eurydicen
807 2724 890 2757 Ani·

937 1622 992 1643 ma
1019 1612 1242 1654 intelligatur,
1263 1624 1339 1655 quae
1364 1614 1516 1655 corporis
1530 1623 1644 1646 amore

938 1663 1283 1703 decepta‚fallacibus
1296 1665 1398 1705 liujus
1413 1665 1647 1705 voluptatibus

939 1717 1098 1755 tanquam
1116 1715 1393 1746 evanescentium
1408 1714 1528 1746 florum
1545 1725 1647 1747 amoe-

940 1764 1048 1795 nitate
1081 1764 1235 1804 delinita,
1269 1764 1465 1806 Aristaeum,
1502 1766 1566 1797 hoc
1593 1771 1648 1798 est

941 1814 1087 1853 Bonum,
1109 1815 1198 1856 quod
1217 1816 1388 1855 perillud,
1413 1821 1450 1846 ut
1472 1814 1540 1847 fert
1557 1816 1648 1848 vocis

941 1865 1167 1905 Etymologia,
1182 1866 1400 1906 intelligitur,
1421 1867 1567 1898 maximo
1587 1876 1647 1899 suo

941 1915 1064 1946 damno
1092 1915 1231 1956 refugit.
1288 1915 1388 1947 Anne
1419 1916 1510 1947 istud
1546 1916 1649 1958 signi-

941 1964 1044 1997 ficare
1087 1967 1255 1997 voluerint
1293 1966 1403 2007 politae
1443 1977 1561 2007 parum
1598 1967 1648 1998 in-

942 2018 1072 2046 terest:
1113 2017 1294 2047 maximum
1324 2022 1377 2048 est
1413 2017 1502 2058 quod
1528 2026 1648 2048 revera

941 2073 976 2095 se
994 2063 1042 2095 ita
1057 2075 1109 2096 res
1132 2065 1256 2097 habet:
1282 2071 1319 2097 ut
1333 2068 1357 2097 si
1372 2067 1446 2108 quis
1463 2077 1505 2098 ex
1521 2067 1647 2098 veteris

941 2116 1111 2155 serpentis
1140 2117 1270 2147 exitiali
1302 2122 1411 2157 peste,
1441 2127 1506 2158 qua
1533 2126 1648 2149 omnes

942 2164 1059 2197 infecti
1078 2166 1213 2205 fuimus,
1231 2177 1304 2198 sose
1323 2167 1463 2198 liberare
1487 2168 1648 2207 voluerit,

941 2214 1035 2246 illum
1067 2226 1133 2248 non
1166 2217 1305 2257 Orpheo
1333 2217 1432 2248 modo
1458 2227 1515 2248 seu
1543 2223 1646 2250 rectae

943 2267 1078 2304 rationi,
1110 2268 1232 2308 spretis
1269 2269 1418 2308 corporis
1458 2269 1647 2307 lenociniis,

942 2320 1001 2351 sed
1019 2319 1153 2351 Christo
1173 2318 1334 2358 Domino,
1360 2319 1402 2349 ad
1429 2318 1559 2350 lnforos
1584 2329 1646 2360 pro

942 2372 1038 2403 nobis
1055 2371 1209 2410 delapso,
1225 2370 1420 2400 auscultare
1432 2374 1602 2409 oporteat.

988 2425 1023 2453 ll
1052 2421 1262 2461 Rhodopeius]
1285 2421 1444 2461 Orpheus
1461 2420 1644 2457 Thracium

942 2484 1019 2505 nam
1038 2472 1191 2504 Thracia»
1217 2481 1311 2502 mons
1334 2476 1385 2502 est
1412 2470 1574 2510 Rhodope
1600 2469 1647 2499 al-

943 2524 1102 2556 tissimus.

988 2577 1026 2605 13
1052 2572 1168 2614 Styga]
1198 2575 1282 2605 Quae
1315 2571 1506 2602 queroruiu
1535 2569 1645 2610 palus,

945 2636 1005 2668 pro
1025 2625 1147 2656 Inferis
1165 2625 1246 2665 ipsis
1266 2623 1387 2663 positu.

991 2675 1150 2714 Tamria]
1175 2675 1234 2704 list
1258 2675 1421 2704 'sa-nurus
1450 2676 1643 2713 promonto-

945 2728 1031 2759 rium
1069 2725 1238 2765 Laconis,
1275 2724 1332 2755 ubi
1363 2727 1512 2764 autrum,
1546 2722 1643 2764 cujus
