1831 3023
597 193 1068 226 MBTAMORPHosuoN
1104 195 1199 227 Lm.
1232 197 1304 228 rx.
1563 189 1677 232 1369

227 286 374 338 Quam
392 290 498 330 mihi
517 287 733 329 difficilem
754 285 784 326 J
787 288 946 328 unonis
967 289 1109 339 gratia
1130 288 1250 329 fecit.

229 354 435 410 Namque
455 354 673 396 laboriferi
695 367 793 394 cum
811 354 904 406 jam
925 356 1085 396 natalis
1107 355 1286 397 adesset
1589 356 1675 399 285

227 421 448 470 Herculis,
471 428 514 461 et
535 421 751 461 decimum
775 427 1043 473 premeretur
1065 422 1206 462 sidere
1228 423 1425 475 signum;

222 488 446 530 Tendebat
467 488 657 540 gravitas
678 491 844 527 uterum
867 489 999 530 mihi:
1031 490 1238 543 quodque
1256 490 1464 540 ferebam,

222 555 406 597 Tantum
427 560 530 602 erat,
552 559 597 595 ut
617 567 772 608 posses
792 560 1014 597 auctorem
1036 558 1184 598 dicere
1208 558 1309 598 tecti

220 623 433 663 Pouderis
454 635 553 663 esse
574 622 603 663 J
607 636 745 664 ovem.
807 622 903 664 Nec
920 625 1014 678 jam
1036 625 1217 665 tolerare
1238 625 1414 665 labores

221 689 411 731 Ulterius
432 694 649 742 poteram:
680 692 785 744 quin
804 705 919 732 nunc
943 704 1117 745 quoque
1137 692 1322 744 frigidus
1343 697 1476 742 artus,
1584 693 1672 735 290

221 756 335 796 Dum
356 756 527 809 loquor,
548 757 698 799 horror
717 759 878 809 habet3
912 770 1102 811 parsque
1131 763 1198 799 est
1217 759 1466 799 meminisse
1489 757 1668 800 doloris.

216 822 390 876 Septem
412 837 493 876 ego
515 837 595 877 per
613 832 784 876 noctes,
805 826 984 867 totidem
1006 826 1202 867 cruciata
1223 826 1392 875 diebus,

215 888 352 930 Fessa
372 892 513 941 malis,
530 879 799 948 te‘ndensque
821 894 876 935 ad
896 895 1059 935 coelum
1076 893 1271 942 brachia,
1293 905 1448 947 magno

213 955 438 1007 Lucinam,
462 958 697 1013 Nixosque
717 974 863 1014 pares,
886 962 1072 1002 clamore
1096 961 1325 1002 vocabam.

212 1023 298 1064 Illa
317 1025 491 1078 quidem
509 1028 642 1077 venit,
665 1029 743 1069 sed
764 1033 1078 1082 praecorrupta,
1099 1040 1333 1081 meumque
1581 1026 1667 1068 295

211 1089 324 1140 Quae
347 1092 507 1135 donare
528 1099 662 1148 caput
680 1095 709 1137 J
715 1097 844 1137 unoni
865 1096 999 1137 vellet
1014 1096 1189 1150 iniquae.

211 1157 362 1212 thue
384 1173 508 1201 meos
530 1162 656 1202 audit
677 1163 888 1215 gemitus3
920 1163 1116 1204 subsedit
1135 1164 1178 1203 in
1197 1162 1279 1203 illa

208 1225 323 1267 Ante
342 1227 456 1268 fores
479 1241 568 1277 ara,
591 1229 839 1283 dextroque
862 1243 889 1271 a
909 1230 1078 1283 poplite
1099 1230 1261 1270 laevum

209 1292 373 1334 Pressa
393 1307 523 1347 genu,
547 1295 696 1348 digitis
717 1297 825 1337 inter
846 1309 892 1337 se
913 1296 1090 1349 pectine
1107 1295 1290 1348 junctis,

205 1420 273 1442 cum
294 1411 360 1450 jum
376 1413 492 1444 natalis
510 1413 656 1444 Herculis
671 1413 832 1452 laboriferi
847 1413 1120 1454 appropinquaret,
1135 1415 1164 1442 et
1180 1411 1331 1442 decimum
1355 1411 1441 1442 sidus
1463 1415 1629 1451 urgeretur
1644 1425 1664 1445 α

206 1454 290 1493 Sole,
315 1456 460 1493 grui-itus
483 1456 630 1487 tendebat
656 1456 733 1487 mihi
748 1460 884 1487 ventrem
897 1468 909 1493 ,·
932 1460 961 1486 et
988 1457 1064 1496 quod
1077 1454 1239 1495 gestabam
1254 1457 1322 1485 erat
1337 1457 1469 1494 tantum,
1485 1458 1521 1485 ut
1532 1465 1664 1495 pronum

205 1500 282 1527 esset
299 1497 361 1528 dic<
369 1507 401 1526 re
415 1501 572 1529 auctorem
586 1502 685 1529 tantae
699 1499 829 1530 sarciuoe
844 1509 906 1530 esse
921 1499 1031 1529 Jorem
1044 1509 1054 1528 .·
1078 1506 1171 1537 neque
1185 1497 1255 1535 jum
1275 1499 1416 1538 poteram
1440 1498 1571 1537 amptius
1591 1498 1664 1538 poti

202 1539 321 1575 labores
331 1550 341 1570 .·
363 1541 436 1580 quin
451 1550 531 1572 nunc
548 1541 643 1572 etium
654 1542 775 1580 gelidus
791 1542 884 1572 timor
898 1541 988 1572 habet
1011 1540 1145 1571 membru
1158 1541 1229 1570 dum
1246 1540 1335 1570 verbu
1343 1539 1444 1576 facio,
1458 1543 1488 1570 et
1503 1541 1663 1572 recordari

201 1584 246 1612 est
261 1592 336 1622 pars
349 1582 471 1614 laboris.
518 1585 588 1623 Ego
604 1587 687 1614 tortu
701 1594 757 1624 per
771 1588 888 1624 septem
903 1587 1017 1619 noctes,
1034 1587 1127 1623 utque
1152 1582 1283 1613 totidem
1298 1582 1376 1621 dies,
1390 1581 1564 1621 defatigata
1579 1583 1664 1613 doto-

202 1623 300 1663 fibus,
314 1628 345 1655 et
361 1628 489 1656 tendens
513 1626 639 1657 brachia
654 1628 694 1657 ud
716 1627 834 1664 coelum,
850 1626 992 1658 vocabum
1009 1636 1120 1664 magno
1135 1626 1266 1656 clamore
1281 1625 1431 1656 Lucinam
1445 1627 1485 1656 ud
1500 1626 1664 1665 impeditos

198 1670 320 1713 partus.
367 1667 428 1697 lua
443 1668 566 1707 quidem
581 1670 719 1707 accoessit,
733 1670 785 1699 sed
804 1672 1029 1709 praecorrupta,
1043 1672 1073 1698 et
1087 1678 1155 1708 quae
1170 1670 1293 1707 cuperet
1308 1677 1405 1698 meum
1420 1667 1518 1698 vitam
1530 1670 1662 1707 prodere

203 1707 325 1746 snsestoe
339 1709 469 1740 Junom'.
516 1711 559 1741 Ee
576 1721 643 1741 cum
656 1711 777 1741 audiv-it
791 1721 871 1742 meos
879 1712 1028 1750 gemitus,
1040 1710 1182 1740 constitit
1194 1710 1234 1739 ad
1249 1710 1324 1740 illud
1339 1710 1439 1740 altare
1452 1719 1509 1749 pro
1517 1709 1661 1746 foribus.-

202 1755 230 1781 et
250 1751 393 1791 imposuit
409 1753 553 1783 dextrum
566 1754 715 1793 poplitem
730 1753 857 1784 sinistro
871 1763 954 1793 genu
966 1763 978 1790 ;
1001 1759 1092 1793 utque
1108 1752 1220 1791 digitis
1235 1751 1317 1783 inter
1331 1761 1364 1782 se
1379 1751 1524 1782 connexis
1537 1753 1577 1782 ad
1601 1761 1662 1782 mo-

812 1835 1044 1846 ‘semme

201 1888 277 1921 Sec.
295 1889 388 1921 Med.
414 1891 685 1932 Ilithyiam—280
703 1892 752 1922 1⁷1.
769 1892 802 1922 S.
819 1890 945 1929 Marci,
970 1900 1021 1931 pr.
1046 1890 1122 1921 Pal.
1146 1894 1255 1931 quart.
1283 1889 1376 1920 Med.
1393 1893 1428 1920 et
1444 1889 1540 1920 multi
1557 1889 1612 1920 alii
1628 1893 1659 1921 et

199 1932 433 1964 decimo—288
458 1934 550 1964 Med.
579 1940 718 1975 quartus
746 1938 830 1965 auct.
856 1937 975 1964 diacere.
1017 1933 1102 1964 Tecti
1129 1932 1222 1963 dedit
1242 1933 1361 1963 Heius.
1379 1941 1421 1962 cx
1438 1932 1657 1963 melioribus:

200 1974 290 2014 vulg.
307 1976 508 2006 tonti.—289
533 1977 626 2007 Unus
644 1977 738 2007 Med.
757 1977 827 2015 jum
852 1977 961 2006 celare.
997 1975 1161 2006 Nonnulli
1186 1976 1317 2005 tolerare
1342 1975 1482 2009 dolores:
1509 1974 1602 2005 Med.
1620 1980 1658 2006 et

199 2015 329 2047 Bonon.
345 2017 527 2048 laborem-
536 2022 595 2049 291
624 2020 666 2050 N.
683 2029 750 2049 sec.
769 2017 861 2049 Med.
877 2019 961 2048 horr.
973 2018 1041 2047 odit
1056 2028 1068 2054 ,·
1091 2018 1179 2047 uude
1196 2017 1312 2047 Heius.
1327 2016 1510 2047 ahin—294
1534 2017 1658 2056 Vulgo,

196 2059 237 2088 ad
251 2068 346 2090 nexos
358 2064 478 2100 partus.
524 2061 618 2090 Unus
636 2062 677 2091 V.
695 2067 726 2090 et
745 2060 876 2091 Ciofau.
893 2061 933 2090 ud
956 2069 1112 2099 nexusque
1137 2069 1235 2098 pares.
1261 2060 1349 2090 Dan.
1369 2058 1488 2089 Heius.
1512 2067 1552 2089 ex
1570 2058 1656 2090 Mss.

199 2102 340 2141 protulit
355 2105 394 2132 ad
418 2103 503 2133 nisus
516 2113 619 2142 puros,
633 2108 667 2134 et
685 2104 847 2143 conjecit,
862 2104 902 2133 ud
916 2102 1000 2132 nisus
1024 2103 1075 2132 vel
1093 2103 1184 2132 nixus
1205 2106 1320 2142 partes.
1367 2101 1526 2141 Plerique
1543 2105 1656 2132 vetus-

198 2143 314 2181 tiores.
336 2145 485 2176 Lucinam
511 2156 666 2186 nexusque
689 2156 793 2185 pares,
820 2145 882 2175 nisi
910 2144 999 2185 quod
1027 2144 1161 2185 quidam
1188 2145 1351 2183 nixusque,
1379 2143 1468 2183 quod
1497 2143 1656 2175 Turnebo

195 2186 387 2226 probatum.
422 2188 469 2219 Fi.
485 2187 519 2219 S.
538 2189 645 2219 Marci
665 2198 726 2228 pro
742 2188 877 2219 diversa
891 2187 1055 2225 lectione,
1070 2187 1121 2217 vel
1136 2188 1228 2217 nixus
1244 2187 1294 2216 vel
1311 2196 1416 2216 noa-as.
1435 2185 1540 2216 Prim.
1557 2186 1654 2218 Med.

197 2238 265 2260 sec.
283 2229 358 2262 Pan.
373 2235 406 2260 et
424 2230 490 2261 duo
505 2231 574 2270 alii,
588 2241 739 2271 nexosque
763 2241 865 2271 pares.
884 2230 1002 2261 Heius.
1030 2230 1133 2269 elegit
1150 2239 1192 2260 ex
1224 2239 1289 2260 uno
1305 2238 1375 2266 suo,
1393 2228 1542 2268 nisusque
1555 2238 1657 2268 pares,

196 2270 352 2313 idemque
383 2273 461 2304 olim
494 2274 643 2311 legebat,
673 2275 787 2304 uisura
809 2283 910 2314 pares.
938 2273 1056 2303 Burni.
1079 2272 1166 2313 conj.
1200 2273 1320 2311 nisosq.
1343 2271 1559 2302 lares—290
1583 2271 1653 2302 Pro

192 2314 283 2345 eruet
307 2325 391 2346 unus
419 2316 548 2346 Medic.
577 2321 611 2346 et
638 2315 758 2347 Heius.
773 2317 889 2354 multet,
904 2316 1070 2357 probante
1089 2315 1311 2346 numu-297
1337 2314 1444 2345 Gron.
1459 2314 1556 2344 sensit
1568 2323 1653 2352 gem.

198 2355 320 2388 Heius.
337 2358 417 2389 item
432 2359 518 2398 conj.
533 2359 562 2388 in
577 2359 758 2389 imm—205
770 2358 796 2389 Α
812 2360 894 2399 popl.
908 2363 957 2389 eat
971 2368 1012 2388 ex
1025 2358 1199 2389 Prisciauo
1210 2362 1246 2388 et
1256 2366 1314 2387 sex
1327 2357 1410 2387 Mas.
1429 2356 1548 2388 Heius.
1563 2357 1654 2397 vulg.

195 2402 259 2430 nt:
277 2402 466 2441 complures
483 2411 521 2435 e,·
545 2401 611 2430 duo
625 2402 774 2432 ira—29¹.)
801 2402 841 2432 lz't
862 2401 956 2440 digit.
970 2401 1001 2431 in
1014 2410 1081 2431 sec.
1095 2400 1189 2431 Med.
1203 2405 1239 2430 et
1253 2399 1345 2430 aliis:
1373 2399 1543 2439 digitisque
1560 2398 1649 2429 idem

195 2440 390 2475 Priscianus
403 2454 478 2475 cun»
493 2444 696 2474 nierubranis
709 2443 798 2474 haud
813 2445 941 2484 paucis.
974 2444 1043 2475 Pro
1055 2443 1178 2482 junctis
1191 2442 1309 2474 Heius.
1322 2442 1438 2473 mallet
1451 2442 1576 2481 vinctis,
1593 2445 1651 2472 aut

852 2530 991 2562 NOTAE

193 2591 328 2624 entibus
343 2592 474 2634 opifera
487 2593 657 2624 adveniat.
943 2594 1068 2625 mensis
1083 2593 1307 2633 intelligatur.

235 2645 299 2674 286
316 2643 492 2683 Decimum]
511 2644 566 2675 Sol
584 2643 738 2674 nimirum
752 2643 891 2684 siugulis
986 2647 1049 2675 204
1086 2643 1203 2683 Nissos]
1239 2644 1334 2675 Duos
1357 2641 1481 2672 fratres
1506 2640 1647 2672 nixuum

193 2692 364 2724 mensibus
388 2692 520 2732 singula
546 2692 683 2724 Zodiaci
702 2693 798 2733 signa
815 2703 890 2733 per·
945 2704 1004 2725 seu
1036 2699 1195 2734 partuum
1227 2692 1413 2732 adjutores,
1450 2691 1493 2722 de
1522 2690 1645 2732 quibus

192 2743 338 2776 lustrat:
375 2747 413 2775 ut
446 2753 508 2785 per
534 2743 702 2776 decimum
738 2743 889 2776 decimus
945 2744 1077 2784 Festus,
1093 2743 1150 2785 qui
1168 2748 1237 2774 tres
1252 2748 1368 2774 tamen
1381 2741 1483 2774 tuine
1499 2741 1629 2775 scribit.
