1831 3023
212 227 322 267 115ss
696 236 736 264 P.
771 234 928 265 oviml
965 233 1175 264 Nasonis

834 443 952 484 FAB.
986 443 1053 484 X.

210 557 228 587 J
263 563 371 586 Ριτεῑι
395 559 432 586 ut
450 555 609 586 Cererem
634 554 798 594 placaret,
822 554 872 585 ita
895 553 1009 585 divisit
1034 563 1170 593 annum,
1186 557 1224 584 nt
1247 552 1454 593 Proserpina
1477 549 1600 592 partim
1622 550 1664 581 ad

255 611 374 648 virum,
391 608 512 649 partim
529 607 570 638 ad
593 611 734 638 matrem
751 611 954 638 moraretur.
999 607 1089 646 Ergo
1113 606 1215 637 Ceres
1240 606 1281 636 ab
1305 605 1476 636 Arethusa
1498 602 1607 643 exigit
1630 607 1669 634 ut

253 662 316 692 sibi
334 661 495 701 originem
512 670 605 691 suam
622 665 784 700 exponat.
837 659 1021 698 Arethusa,
1038 658 1230 690 Achaidum
1246 659 1482 699 Nympharum
1499 655 1673 688 formosis-

254 717 337 745 sima
352 725 428 746 cum
453 714 496 745 ab
512 713 644 754 Alpheo
660 723 757 744 amne
780 713 992 752 diligeretur,
1010 716 1220 752 cuperetque
1244 711 1481 752 persequentis
1503 710 1669 750 impetum

254 767 416 808 effuqere,
430 767 602 798 invocavit
620 766 779 804 Dianam,
797 766 891 806 cujus
909 774 1023 795 comes
1040 769 1076 795 et
1099 764 1204 795 studii
1220 765 1341 795 aemula
1360 763 1486 802 fuerat,
1499 762 1671 794 laboranti

255 827 289 852 ut
321 826 327 850 τ
345 825 425 852 ·rret
441 820 612 851 auxilium.
658 818 811 859 Objecta
827 818 941 859 itaque
968 827 1010 848 ea
1026 817 1129 856 nube,
1144 826 1188 847 ne
1203 816 1238 847 in
1261 817 1431 857 cupientis
1447 820 1670 856 conspectum

255 884 314 914 pos
336 895 343 903 .
358 878 372 904 t
384 873 512 911 venire,
527 872 650 903 tellure
662 876 774 911 rupta,
786 870 820 901 in
837 871 979 901 insulam
996 870 1107 901 AEtuae
1123 870 1214 900 misit
1228 879 1286 910 per
1302 869 1480 900 obscurum
1495 868 1572 907 iter,
1585 871 1620 899 et
1634 867 1670 898 in

255 926 327 957 font
343 937 351 957 ⁵
365 935 384 955 u
402 925 607 964 cognominis
621 925 671 955 sui
684 923 866 964 Ortygium
880 932 1013 954 versam
1027 923 1069 954 ad
1082 932 1224 964 superos
1238 922 1410 953 evocavit:
1435 921 1533 962 cujus
1546 920 1670 962 liquori

258 980 338 1020 Alpi
353 987 411 1010 *us
424 979 530 1009 amnis
546 977 748 1008 infunditur.

212 1082 305 1138 AT
325 1097 499 1139 madius
517 1096 750 1149 fratrisque
771 1097 840 1136 sui
860 1100 1122 1149 moestaeque
1141 1095 1302 1137 sororis

213 1165 388 1219 Jupiter
409 1176 466 1203 ex
489 1175 621 1215 aequo
644 1163 890 1203 volventem
912 1163 1070 1204 dividit
1090 1176 1267 1203 annum.
1586 1161 1672 1202 565

215 1232 346 1288 Nunc
370 1231 482 1279 Dea,
504 1242 733 1282 regnorum
753 1242 911 1268 numen
930 1242 1162 1269 commune
1184 1228 1383 1278 duorum,

215 1299 327 1340 Cum
347 1302 484 1339 matre
503 1301 571 1338 est
591 1296 789 1345 totidem,
810 1295 986 1336 totidem
1007 1309 1106 1336 cum
1126 1296 1309 1350 conjuge
1328 1306 1516 1336 menses.

215 1365 408 1406 Vertitur
428 1364 650 1416 extemplo
671 1363 824 1411 facies,
850 1366 893 1402 et
913 1362 1086 1411 mentis,
1109 1366 1150 1402 et
1171 1363 1260 1403 oris
1278 1376 1287 1402 :

218 1433 351 1482 Nam,
371 1431 504 1472 modo
526 1443 624 1484 quae
647 1432 818 1483 poterat
840 1428 934 1469 Diti
954 1442 1129 1482 quoque
1150 1432 1308 1470 moesta
1329 1428 1480 1478 videri,

218 1500 345 1541 Laeta
366 1500 476 1540 Deae
496 1499 618 1538 frons
638 1500 703 1537 est
720 1510 729 1537 ε
760 1500 809 1536 ut
829 1496 922 1545 Sol,
945 1497 1019 1550 qui
1038 1500 1181 1537 tectus
1209 1496 1388 1549 aquosis
1589 1495 1674 1537 570

219 1566 425 1608 Nubibus
447 1572 544 1607 ante
564 1565 659 1613 fuit,
682 1564 810 1605 victis
831 1565 904 1605 ubi
923 1565 1112 1604 nubibus
1132 1565 1241 1605 exit.

276 1634 427 1685 Exigit
446 1634 564 1674 alma
584 1632 736 1680 Ceres,
757 1635 862 1672 nata
879 1645 1034 1673 secura
1055 1635 1250 1685 recepta,

222 1700 334 1750 Quae
355 1700 438 1741 tibi
458 1712 594 1741 causa
613 1699 722 1740 viae:
754 1711 829 1739 cur
849 1699 926 1748 sis,
948 1699 1184 1748 Arethusa,
1203 1711 1325 1739 sacer
1339 1697 1453 1738 fons.

265 1824 299 1845 x.
324 1814 366 1845 At
386 1814 515 1853 Jupiter
529 1813 648 1844 arbiter
662 1814 746 1843 inter
765 1812 904 1850 fratrem
919 1823 1007 1844 suum
1023 1817 1052 1843 ee
1071 1813 1194 1844 tristem
1208 1822 1343 1844 sororem
1357 1811 1496 1852 partitus
1519 1815 1565 1843 est
1577 1822 1679 1853 ‹equa-

219 1859 294 1888 liter
309 1867 421 1887 ιιηηιιηι
435 1859 619 1887 currentem.
657 1856 747 1886 Nunc
764 1857 845 1894 Dea,
861 1866 973 1886 aunum
989 1865 1147 1886 commune
1162 1857 1290 1886 duorum
1301 1864 1478 1894 regnorum,
1489 1858 1534 1885 est
1549 1855 1680 1886 totidem

220 1910 338 1931 meuses
348 1910 416 1930 cum
432 1902 545 1937 matre,
561 1901 591 1929 et
607 1898 736 1929 totidem
751 1908 819 1928 cum
834 1899 957 1930 marito.
1003 1898 1121 1929 Statim
1132 1898 1246 1938 species
1257 1898 1354 1928 animi
1363 1901 1392 1928 et
1403 1896 1504 1928 vultus
1518 1900 1678 1928 mutatur.-

219 1953 293 1973 num
310 1942 414 1981 facies
428 1942 518 1979 Deoe,
543 1952 611 1980 quae
632 1944 755 1981 poterat
779 1941 881 1971 videri
905 1941 1011 1971 tristis
1035 1941 1128 1971 etiam
1145 1941 1291 1979 Plutoni,
1313 1943 1359 1970 est
1382 1940 1515 1976 alacris;
1534 1943 1679 1980 tanquam

222 1986 288 2022 Sol,
314 1987 367 2025 qui
391 1985 481 2024 prius
507 1983 654 2014 obductus
678 1983 799 2014 nebulis
826 1983 972 2020 humidis,
997 1993 1065 2013 cum
1088 1983 1194 2022 prodit
1218 1983 1356 2021 disjectis
1379 1982 1507 2013 nebulis.
1551 1983 1680 2013 Blanda

224 2029 316 2057 Ceres
331 2027 447 2067 quieta,
468 2026 544 2067 filia
560 2026 697 2065 inventa,
711 2025 844 2066 requirit
860 2036 928 2065 quae
942 2026 1001 2056 tibi
1016 2035 1107 2056 causa
1131 2025 1268 2064 itineris,
1282 2025 1437 2056 Arethusa
1448 2035 1460 2061 ;
1485 2024 1679 2064 quamobrem

830 2106 848 2117 φ

1003 2106 1061 2118 ”O

224 2163 320 2195 Leid.
335 2163 418 2193 Lov.
436 2166 471 2192 et
485 2161 567 2202 Arg.
585 2171 661 2192 eum
677 2161 791 2192 multis
805 2160 877 2191 aliis
892 2160 970 2200 ling.
985 2171 1023 2192 ne
1034 2163 1173 2201 poederet
1186 2173 1196 2192 .·
1219 2167 1361 2203 quatuor
1376 2163 1587 2203 diepa-deret,-
1603 2163 1679 2195 Pal.

222 2207 412 2246 desperderec
425 2215 436 2242 ;
449 2205 537 2235 Mor.
549 2205 869 2244 deprenderet.-—5G4
884 2203 924 2233 In
939 2213 991 2243 pr.
1006 2204 1194 2245 Hamburg.
1207 2205 1382 2245 mediusque
1392 2208 1600 2237 soron—570
1615 2206 1680 2238 Be-

223 2249 324 2279 rolin.
335 2249 417 2278 La’t.
428 2248 507 2277 satis
514 2246 669 2284 fin—571
684 2247 756 2277 Pro
768 2246 871 2284 victis,
884 2246 963 2276 Bas.
973 2247 1108 2284 συκῆς,-
1124 2247 1164 2277 Α.
1176 2252 1211 2278 et
1225 2247 1317 2278 Leid.
1330 2248 1574 2286 nigris:junctis
1583 2248 1679 2281 alius.

229 2291 291 2322 Ubi
305 2290 374 2322 nub.
391 2290 425 2319 in
442 2288 614 2329 plurimis:
633 2288 675 2320 A.
686 2293 721 2319 et
732 2298 816 2319 unus
832 2288 951 2319 Heius.
963 2299 1031 2319 cum
1042 2289 1113 2321 nub.
1124 2290 1221 2320 Leid.
1238 2299 1257 2320 α
1270 2289 1340 2320 nub.
1357 2290 1413 2320 alii
1430 2291 1528 2331 modo,
1537 2291 1591 2322 vel
1608 2301 1679 2322 mox

224 2333 296 2364 nub.
326 2333 352 2362 V
360 2333 426 2372 ulg.
458 2342 474 2362 e
498 2332 652 2362 naa—57
656 2334 675 2362 2
699 2331 776 2363 Jac.
804 2331 953 2362 Gronov.
980 2332 1126 2362 malebat
1155 2336 1238 2363 πεπτω
1258 2342 1364 2363 secura
1377 2336 1518 2373 receptoe.
1542 2333 1680 2364 Deinde

225 2377 323 2407 Cant.
339 2375 466 2406 Thuan.
483 2384 532 2416 pr.
551 2372 680 2406 Erfurt.
697 2374 822 2415 aliique
846 2383 905 2404 sec.
922 2377 1165 2414 reperim—573
1189 2374 1354 2406 Allienus.
1375 2375 1585 2415 fuga—576
1608 2375 1681 2407 Elei

880 2471 909 2502 N
917 2471 1023 2503 OTAE

269 2548 332 2576 564
355 2545 494 2585 Medius]
517 2545 560 2576 Id
576 2548 642 2584 est,
665 2544 722 2586 qui
749 2545 923 2586 utriusque
977 2546 1090 2577 Diana
1106 2550 1272 2586 maneret,
1287 2545 1411 2577 fabulae
1435 2555 1570 2577 sensum
1585 2546 1677 2588 quod

227 2595 394 2626 rationem
408 2595 561 2635 haberet,
576 2605 640 2626 nee
659 2599 772 2626 tamen
799 2596 924 2626 alteru·
978 2596 1114 2628 attinet.
1158 2597 1261 2628 Ceres
1277 2597 1381 2628 Terra
1393 2596 1468 2636 ipsa
1483 2601 1557 2635 est;
1580 2596 1678 2638 cujus

228 2645 274 2677 tri
290 2644 324 2675 in
341 2648 448 2676 totum
464 2644 606 2677 faveret.
978 2647 1048 2678 filia
1063 2647 1270 2688 Proserpina
1293 2647 1357 2678 vim
1382 2647 1519 2678 insitam
1542 2657 1603 2678 seu
1627 2656 1679 2679 se-

271 2698 333 2726 565
358 2695 413 2726 Ex
426 2695 527 2736 oeth]
548 2697 596 2727 Ut
612 2695 738 2736 partim
765 2695 855 2736 apud
873 2696 928 2727 In-
979 2707 1058 2728 men
1074 2697 1228 2738 denotat,
1252 2697 1340 2739 quod
1362 2697 1482 2739 hyeme
1505 2697 1568 2729 sub
1583 2701 1679 2729 terra

228 2744 332 2787 feros,
354 2747 477 2787 partim
504 2747 594 2787 apud
621 2757 763 2788 superos
792 2748 930 2778 Proser·
979 2748 1078 2787 latet,
1102 2752 1225 2780 aestate
1247 2747 1408 2790 erumpit,
1431 2751 1468 2780 et
1481 2747 1525 2780 ad
1539 2755 1680 2790 superos

232 2796 325 2838 pina,
348 2806 424 2839 quae
451 2797 486 2829 in
512 2797 607 2829 coelis
634 2797 743 2838 Luna,
772 2796 808 2829 in
831 2797 930 2829 terris
983 2798 1126 2832 tollitur.
