1831 3023
266 246 377 288 1078
749 260 790 289 P.
824 259 981 288 ovmn
1015 259 1226 290 NAsole

322 352 378 393 Et
399 351 575 394 Crocon
595 353 639 394 in
659 366 820 408 parvos
840 367 1015 395 versum
1035 368 1133 395 cum
1155 354 1346 396 Smilace
1366 356 1513 406 flores,

266 419 507 462 Praetereo:
539 421 739 475 dulcique
761 422 931 464 animos
951 421 1141 462 novitate
1161 424 1327 463 tenebo.

322 488 448 529 Unde
469 489 525 529 sit
545 489 741 541 infamis3
773 502 909 543 quare
931 489 1045 530 male
1064 489 1248 530 fortibus
1267 489 1395 530 undis

266 555 478 596 Salmacis
500 559 685 605 enervet,
707 560 932 609 tactosque
953 556 1166 596 remolliat
1187 559 1332 607 artus;

267 623 452 664 Discite.
512 623 660 664 Causa
678 624 805 664 latet:
836 625 903 665 vis
923 627 988 664 est
1007 624 1238 665 notissima
1259 624 1406 666 fontis.
1449 617 1455 621 ⁸

267 689 488 731 Mercurio
509 704 689 744 puerum
711 692 830 733 Diva
850 690 1109 745 Cythereide
1129 696 1279 732 natum

264 755 436 798 Naides
459 757 592 799 Idaeis
610 760 852 801 enutrivere
873 760 953 800 sub
975 760 1133 809 antris;

266 823 406 877 Cujus
427 829 519 865 erat
536 825 688 875 facies,
710 828 756 867 in
777 839 864 880 qua
882 830 1103 880 materque
1124 829 1336 879 paterque

266 889 490 943 Cognosci
512 896 717 945 possent:
748 906 903 933 nomen
924 905 1100 946 quoque
1120 893 1256 933 traxit
1276 893 1330 932 ab
1353 891 1454 932 illis.

266 955 314 996 Is
334 958 418 997 tria
438 971 536 998 cum
558 960 745 1011 primum
767 959 871 1000 fecit
891 959 1203 1014 quinquennia,
1235 961 1399 999 montes

266 1023 468 1065 Deseruit
489 1026 680 1078 patrios:
712 1026 881 1079 Idaque
903 1026 1054 1066 altrice
1074 1026 1242 1077 relicta,

267 1089 433 1142 Ignotis
454 1105 591 1133 errare
610 1093 735 1143 locis,
758 1094 903 1146 ignota
924 1092 1071 1133 videre

1628 822 1714 864 290

268 1224 307 1244 ea·
325 1214 414 1245 ubere
426 1217 543 1254 pluria.
569 1218 611 1245 Ει
626 1219 742 1245 Crocon
757 1221 909 1246 mutatum
921 1219 954 1246 in
970 1218 1181 1263 tenuesflores
1196 1227 1264 1247 cum
1275 1217 1428 1247 Smilace.
1445 1219 1475 1247 et
1483 1215 1625 1246 morabor
1636 1225 1718 1246 men-

266 1259 313 1286 tes
322 1259 416 1293 grata
431 1257 578 1286 novztate.
602 1258 718 1287 Audite
730 1258 924 1296 quamobrem
940 1257 1093 1288 Salmacis
1105 1258 1148 1288 sit
1161 1260 1365 1294 dedecorata5
1387 1268 1480 1298 quare
1496 1259 1577 1288 vires
1595 1258 1718 1294 «luserat

267 1298 346 1327 vizule
371 1298 546 1336 potentibus
567 1299 666 1337 aquis,
689 1302 720 1328 et
743 1303 865 1329 enervet
890 1299 1025 1329 membra
1047 1302 1200 1329 contacta.
1247 1302 1349 1329 Causa
1375 1301 1556 1337 ignoratur.-
1576 1301 1719 1339 potentia

261 1339 364 1376 fontis
379 1343 424 1370 est
440 1340 579 1378 vulgata.
626 1340 764 1371 Naiades
778 1341 922 1371 aluerunt
945 1341 999 1371 sub
1014 1341 1169 1380 speluncis
1184 1341 1280 1370 ldoeis
1291 1351 1423 1380 puerum
1437 1345 1543 1371 natum
1559 1341 1719 1372 BIercurio

267 1391 306 1411 ιιι
322 1381 394 1412 diva
413 1382 619 1422 Cythereide·
608 1405 616 1417 ,
640 1383 725 1420 cujus
738 1383 841 1413 tultus
855 1386 936 1421 erat,
951 1384 985 1413 in
1000 1393 1058 1422 quo
1072 1385 1161 1422 pater
1184 1386 1213 1413 et
1230 1386 1329 1413 mater
1345 1387 1468 1423 possent
1486 1384 1641 1422 dignosci.-
1667 1383 1720 1413 Ῐια-

267 1423 334 1453 buit
346 1425 440 1454 etiam
455 1434 560 1455 nomen
576 1425 613 1454 ab
629 1425 701 1456 illis.
746 1425 790 1464 Is,
809 1426 917 1456 statim
934 1428 1025 1465 atque
1044 1426 1183 1465 implevit
1209 1435 1321 1455 annum
1335 1425 1485 1456 decimum
1499 1426 1653 1465 quintum,
1670 1427 1720 1455 de-

267 1466 376 1496 stituit
390 1470 507 1497 montes
526 1470 683 1508 paternos,
698 1470 728 1498 et
745 1468 802 1498 Ida
818 1467 938 1498 nutrice
953 1470 1077 1508 omissa,
1090 1468 1244 1507 gestiebat
1259 1469 1369 1507 vagari
1391 1478 1448 1508 per
1469 1468 1579 1507 ignota
1593 1469 1670 1507 loca,
1686 1471 1717 1498 et

873 1555 1102 1566 ”mano

265 1609 501 1650 Simiam—282
526 1611 667 1641 Plurimi
690 1610 809 1652 scripti
836 1610 873 1642 ab
897 1610 1110 1642 imbra—283
1134 1611 1236 1642 Multi
1262 1612 1390 1642 IlIilace.
1414 1612 1551 1643 Salmas.
1567 1611 1718 1643 Exercit.

264 1652 355 1683 Plin.
372 1662 403 1693 p.
418 1653 613 1692 733.docet,
628 1652 767 1684 differre
785 1654 948 1684 Smilacem
961 1658 997 1684 et
1007 1654 1273 1685 Milacem.—286
1290 1654 1387 1685 Cant.
1403 1656 1573 1694 durosque;
1589 1655 1718 1685 Thuan.

266 1698 419 1735 tactuque.
451 1696 545 1727 Leid.
573 1696 674 1726 etiam
703 1701 739 1727 et
768 1706 826 1726 sex
859 1696 915 1726 alii
946 1696 1201 1727 emolliat-288
1225 1697 1371 1728 Quidam
1402 1697 1487 1727 Diva
1516 1700 1546 1727 et
1580 1697 1718 1737 Cym.—

265 1740 327 1769 291
353 1738 459 1769 Gron.
484 1738 621 1777 Agnosci
642 1741 889 1778 possent.-—292
926 1739 1030 1769 Barb.
1057 1739 1193 1779 primum
1220 1739 1429 1770 duxit—295
1453 1738 1600 1770 Abbatis
1631 1739 1719 1770 liber

920 1834 1061 1866 NOTAE

305 1904 368 1933 283
392 1902 540 1942 Smilace]
563 1904 684 1934 Puella
702 1908 766 1941 est,
780 1914 855 1945 quae
882 1904 963 1936 Cro·

264 1961 330 1983 con
345 1952 483 1990 amavit,
498 1962 564 1992 quo
591 1962 667 1983 cum
684 1954 788 1993 potiri
805 1963 870 1984 non
889 1963 961 1994 pos-

265 2004 319 2032 set
344 2001 379 2030 in
403 2001 560 2041 smilacis,
584 2012 658 2042 quae
684 2002 818 2033 hederae
845 2003 971 2034 similis-

263 2054 319 2082 est
341 2050 469 2090 planta,
485 2050 601 2081 florem
614 2056 745 2082 mutata
767 2056 839 2091 est3
863 2053 962 2084 sicuti

263 2104 301 2132 et
317 2101 443 2132 Crocus
459 2101 491 2131 in
508 2111 663 2133 crocum:
691 2112 880 2144 quanquam
896 2112 962 2134 non

261 2150 351 2182 hune
376 2160 418 2181 ex
445 2149 570 2181 Amore
596 2151 629 2181 in
655 2150 771 2182 florem
787 2151 962 2192 defecisse,

262 2199 322 2231 sed
339 2210 359 2231 a
377 2201 563 2239 Mercurio,
579 2211 598 2231 a
614 2211 679 2242 quo
703 2212 765 2242 per
782 2203 891 2233 lusum
914 2203 961 2233 in-

262 2254 384 2283 cautus
401 2251 494 2281 disco
510 2252 721 2292 interceptus
745 2251 871 2291 fuerat,
895 2263 962 2283 rnu-

263 2305 370 2332 tatum
380 2300 482 2331 fuisse
491 2301 626 2342 quidam
638 2302 861 2333 tradiderunt.
876 2303 960 2335 Qnae

262 2352 374 2384 omnia
396 2351 524 2382 referre
548 2356 583 2383 et
600 2353 705 2392 pudet
728 2358 763 2383 et
782 2354 893 2394 piget;
921 2354 961 2384 si-

263 2401 399 2444 quidem
438 2402 603 2442 ejusmodi
627 2403 776 2434 ventosis
811 2403 961 2444 ineptiis,

263 2457 423 2484 currente
445 2452 579 2482 inierim
611 2451 739 2483 caduca
771 2453 847 2484 vitae
874 2459 959 2491 rota,

262 2501 343 2532 dum
359 2501 423 2532 huc
440 2502 518 2533 inne
538 2502 753 2542 impellimur,
769 2512 788 2533 a
804 2509 898 2534 recto
912 2514 961 2534 so-

260 2551 341 2583 lidae
369 2558 404 2583 et
429 2557 565 2583 aeternae
592 2552 744 2583 veritatis
764 2553 912 2592 tramite,
927 2554 961 2583 in

262 2611 329 2641 qua
358 2602 428 2632 sola
453 2603 546 2642 quies
574 2607 609 2633 et
636 2612 799 2633 summum
825 2596 960 2643 bonum,

263 2661 457 2683 avocamur.

306 2704 367 2732 285
407 2702 551 2742 Infamis]
589 2703 666 2733 Fuit
696 2703 857 2734 Salmacis
887 2702 960 2734 fons

264 2752 387 2787 Cariae,
416 2752 448 2781 in
477 2762 573 2791 que-m
599 2754 802 2793 quicumque
832 2754 881 2784 vir
906 2753 962 2784 (Ie-

263 2801 446 2832 scenderet
462 2803 510 2833 ita
518 2803 627 2833 mollis
638 2802 754 2843 fiebat,
768 2808 803 2834 et
815 2802 960 2835 foeminae

1015 1907 1169 1934 naturam
1196 1902 1371 1942 induebat,
1397 1906 1436 1933 ut
1465 1902 1545 1933 inde
1576 1902 1720 1934 Herma-

1015 1952 1206 1992 phroditus,
1232 1952 1295 1982 hoc
1312 1957 1375 1990 est,
1392 1956 1573 1993 utrumque
1600 1962 1719 1984 sexum

1014 2000 1157 2040 habens,
1182 2001 1312 2031 exiret:
1339 2011 1404 2042 qua
1433 2011 1469 2032 re
1486 2001 1561 2033 fons
1586 2002 1720 2033 infamis

1015 2050 1138 2082 factus.
1183 2050 1282 2081 Unde
1299 2060 1381 2081 vero
1398 2051 1445 2081 illi
1463 2055 1558 2083 tanta
1573 2052 1637 2092 vis,
1653 2061 1721 2083 me-

1017 2102 1079 2132 lius
1098 2102 1162 2132 erit
1176 2111 1216 2131 ex
1235 2102 1307 2142 ipso
1324 2102 1438 2133 Poeta
1456 2113 1676 2142 cognoscere.

1061 2152 1161 2191 Male]
1186 2152 1275 2184 Quia
1300 2152 1387 2182 viros
1411 2152 1444 2182 in
1461 2151 1615 2183 foeminas
1643 2162 1720 2193 par-

1018 2202 1078 2233 tim
1095 2202 1369 2241 transformabat,
1381 2203 1469 2244 quod
1487 2203 1720 2243 profectonon

1017 2252 1091 2282 leve
1108 2253 1226 2283 vitium
1244 2252 1416 2284 videbitur
1440 2254 1641 2294 cuicumque
1658 2252 1718 2284 foe-

1016 2302 1121 2333 minas
1137 2304 1170 2333 in
1189 2307 1296 2333 totum
1313 2313 1379 2333 non
1397 2304 1616 2344 ignoraverit.

1058 2355 1121 2383 288
1145 2353 1294 2392 Puerum]
1320 2353 1644 2393 Hermaphroditum
1670 2352 1719 2383 di-

1015 2402 1062 2433 cit
1078 2401 1352 2433 formosissimum
1371 2403 1584 2443 eundemque
1602 2405 1720 2434 castis-

1014 2451 1131 2482 simum
1162 2453 1327 2483 Mercurii
1358 2459 1393 2484 et
1425 2453 1569 2483 Veneris
1600 2452 1718 2492 filium,

1015 2503 1068 2533 cui
1086 2503 1192 2543 patris
1207 2508 1241 2533 et
1260 2504 1376 2533 matris
1390 2504 1525 2534 nomina
1543 2513 1642 2533 unum
1659 2512 1718 2533 no-

1015 2562 1091 2583 men
1108 2552 1192 2582 illud
1208 2551 1362 2583 fecerunt
1380 2553 1467 2592 apud
1486 2553 1639 2584 Graecos.

1058 2605 1120 2633 289
1156 2601 1263 2641 Idoeis]
1298 2602 1369 2633 Idae
1402 2602 1562 2642 Phrygia’
1595 2601 1717 2632 montis

1016 2651 1295 2682 decantatissimi.

1058 2705 1120 2732 292
1147 2702 1221 2733 Tria
1237 2702 1319 2743 cum]
1343 2703 1426 2734 Cum
1455 2703 1600 2743 primum
1625 2701 1717 2733 deci·

1015 2761 1104 2785 mum
1122 2753 1276 2795 quintum
1291 2763 1413 2785 annum
1429 2753 1611 2794 attigisset.
