1831 3023
572 194 1043 227 METAMORPHosuoN
1079 196 1174 226 mu.
1209 196 1302 228 xii.
1549 189 1666 231 1533

211 290 469 341 Pirithoum,
490 290 719 342 violesque
735 287 846 329 duos
866 290 1043 341 ignarus
1063 290 1109 330 in
1129 302 1216 330 uno
1229 291 1248 329 i

210 357 339 399 Neve
360 371 412 399 ea
432 356 733 410 magnanimus
754 355 916 398 frustra
935 357 1246 398 memoraverit
1264 355 1390 396 heros
1407 370 1418 406 ;
1582 358 1667 399 2:30

208 425 452 466 Submovet
469 425 684 467 instantes
702 437 711 464 ε
742 429 1002 479 raptamque
1023 425 1262 465 furentibus
1284 423 1439 464 aufert.

209 491 290 533 Ille
310 493 416 533 nihil
437 495 611 533 contra:
642 502 783 544 neque
809 491 922 533 enim
950 491 1180 532 defendere
1201 490 1347 532 verbis

207 557 335 599 Talia
352 559 472 600 facta
490 561 639 613 potest
656 571 665 598 ε
697 557 778 598 sed
801 558 988 599 vindicis
1008 570 1086 598 ora
1107 558 1322 610 protervis

208 625 459 679 Insequitur
478 625 695 674 manibus,
716 637 1008 678 generosaque
1030 629 1211 678 pectora
1231 624 1392 678 pulsat.

210 692 342 734 Forte
363 693 444 733 fuit
457 693 605 746 juxta,
627 692 763 745 signis
783 692 1041 732 extantibus
1064 703 1196 743 asper
1583 689 1669 732 235

207 758 431 813 Antiquus
452 763 606 808 crater,
631 771 758 812 quem
779 761 955 798 vastum
981 760 1150 799 vastior
1168 759 1268 811 ipsc

207 825 396 867 Sustulit
414 825 625 878 AEgides3
657 825 932 878 adversaque
953 826 1072 866 misit
1092 827 1134 866 in
1156 838 1247 866 ora.

207 893 442 946 Sanguinis
463 893 535 933 ille
555 894 712 945 globos
732 892 908 946 pariter,
930 893 1244 945 cerebrumque
1264 905 1539 947 merumque,

206 959 403 1001 Vulnere
425 965 465 1001 et
485 972 559 1000 ore
580 972 779 1008 vomens,
800 959 979 1000 madida
999 960 1231 1012 resupinus
1252 972 1385 1000 arena

206 1025 437 1068 Calcitrat.
500 1026 747 1068 Ardescunt
765 1039 965 1080 germana
985 1027 1106 1068 caede
1128 1027 1392 1068 bimembres
1410 1041 1419 1068 ε
1584 1025 1667 1068 240

207 1093 502 1147 Certatimque
522 1106 674 1134 omnes
696 1107 784 1135 uno
807 1107 898 1142 ore,
922 1093 1075 1142 Arma,
1100 1107 1234 1144 arma,
1258 1094 1505 1149 loquuntur.

205 1160 324 1201 Vina
344 1161 507 1202 dabant
527 1162 698 1202 animos
716 1176 726 1203 :
760 1166 802 1203 et
822 1162 964 1215 prima
984 1161 1151 1214 pocula
1172 1174 1322 1214 pugna

208 1226 353 1269 Missa
375 1229 536 1278 volant,
560 1228 818 1283 fragilesque
840 1228 957 1278 cadi,
979 1229 1192 1282 curvique
1214 1229 1408 1269 lebetes:

208 1294 303 1336 Res
324 1295 465 1350 epulis
487 1295 724 1349 quondam,
745 1308 857 1336 nunc
874 1295 992 1336 bello
1013 1301 1059 1336 et
1079 1295 1295 1344 caedibus,
1317 1300 1452 1348 aptae.

207 1425 342 1466 Eurytez,
357 1427 408 1466 qui
436 1436 484 1456 me
509 1426 577 1456 viro
593 1427 687 1456 bedas
713 1426 903 1464 Pirithoum,
925 1429 1017 1466 atque
1042 1426 1163 1457 nescius
1186 1426 1263 1456 duos
1291 1424 1385 1456 violes
1400 1425 1432 1456 in
1449 1434 1508 1455 uno
1522 1423 1538 1456 ,7
1583 1424 1671 1456 Nere

203 1468 294 1499 heros
306 1468 506 1506 fortissimus
520 1468 723 1508 nequicquam
749 1479 786 1499 ea
811 1468 942 1506 dicerit,
960 1468 1082 1508 repellit
1107 1468 1267 1505 violentos,
1287 1471 1380 1508 atque
1394 1467 1501 1498 avellit
1515 1467 1670 1498 sublatam

196 1509 388 1547 furentibus.
435 1510 493 1540 Ille
508 1510 589 1540 nihil
614 1514 743 1541 contra:
767 1520 864 1550 neque
884 1511 967 1541 enim
978 1514 1080 1551 potest
1097 1511 1178 1541 tueri
1195 1510 1318 1541 vocibus
1333 1509 1480 1548 ejusmodi
1499 1509 1668 1548 facinora:

203 1554 256 1584 sed
270 1553 409 1592 insurgit
424 1553 455 1583 in
472 1553 588 1583 ruitum
605 1553 716 1583 ultoris
733 1553 871 1584 manibus
883 1553 1070 1591 temerariis,
1084 1557 1114 1584 et
1128 1554 1276 1594 impetum
1284 1553 1370 1591 facit
1384 1556 1492 1583 contra
1507 1553 1670 1592 magnani-

203 1605 286 1626 mum
305 1599 422 1636 pectus.
471 1595 564 1626 forte
591 1604 686 1636 prope
705 1595 777 1633 fuit
802 1598 890 1626 cetus
913 1600 1026 1634 crater,
1055 1597 1152 1626 durus
1177 1595 1279 1634 signis
1300 1594 1558 1636 prominentibus,
1583 1605 1670 1635 quem

205 1647 352 1677 magnum
367 1639 430 1678 ipse
447 1639 546 1677 major
561 1639 693 1677 AEgiacs
717 1639 881 1678 corripuit,
896 1643 988 1678 atque
1008 1639 1083 1675 iecit
1107 1639 1138 1668 in
1157 1637 1276 1676 faciem
1291 1640 1464 1669 adtersam.
1511 1638 1569 1669 1tle
1583 1647 1670 1669 eruc-

207 1682 278 1710 tm
289 1680 382 1711 simul
394 1689 522 1719 grumos
548 1681 724 1720 sanguinis,
739 1684 769 1711 et
786 1681 955 1717 cerebrum,
969 1685 998 1710 et
1025 1681 1129 1711 vinum
1143 1690 1199 1721 per
1215 1690 1247 1710 os
1260 1685 1352 1720 atque
1365 1690 1422 1720 per
1434 1681 1572 1720 plagam,
1587 1690 1670 1711 resu-

204 1723 297 1763 pinus
328 1724 463 1762 percutit
489 1726 606 1752 terram
635 1723 793 1753 humidam
831 1723 974 1753 calcibus.
1038 1724 1152 1754 Omnes
1181 1722 1326 1760 biformes
1361 1723 1522 1753 Centauri
1553 1723 1671 1753 incensi

207 1774 278 1796 nece
297 1764 427 1803 fratris,
443 1766 586 1795 certatim
613 1775 670 1794 uno
685 1775 736 1795 ore
750 1766 896 1803 clamant,
921 1765 972 1796 Ad
987 1774 1088 1803 arma,
1104 1766 1144 1796 ad
1158 1775 1256 1796 arma.
1304 1765 1428 1796 Merum
1453 1764 1589 1803 augebat
1604 1766 1672 1795 ani·

206 1817 291 1838 mos.-
317 1810 408 1847 atque
434 1807 535 1847 primo
560 1808 726 1838 certamine
750 1808 857 1847 pocula
874 1807 976 1848 jacta,
1006 1812 1036 1838 et
1064 1808 1133 1838 cadi
1156 1807 1306 1847 fragiles,
1332 1811 1360 1837 et
1385 1807 1452 1837 cari
1473 1806 1597 1845 lebetes,
1623 1816 1672 1838 res

205 1850 277 1881 olim
302 1850 419 1881 idoneoe
443 1850 604 1889 conrii-iis,
626 1860 703 1880 nunc
730 1850 806 1881 bello
820 1854 851 1882 et
867 1851 1011 1891 coedibus,
1026 1852 1141 1882 colant.
1178 1851 1315 1891 Amycus
1341 1849 1531 1889 Ophionides
1550 1850 1672 1890 primus

820 1938 1053 1950 eeeeeeeeeeee

203 1992 395 2033 probabant:
419 1991 545 2023 Arund.
570 1998 603 2024 et
620 2002 702 2023 uniis
719 1993 798 2025 Pat.
813 1994 1082 2034 probarat—229
1110 1995 1271 2035 Violesque
1293 1998 1346 2025 est
1373 2002 1415 2025 ex
1443 1993 1518 2024 Pal.
1536 1992 1592 2024 alii
1609 1993 1670 2023 cio-

203 2037 319 2075 tacque.
365 2035 434 2065 Pro
467 2035 597 2073 ignarus
628 2036 778 2067 Berolin.
814 2036 920 2067 habet
954 2038 1222 2076 ignarus.——·231
1253 2036 1346 2068 Leid.
1390 2046 1476 2067 unus
1508 2035 1670 2066 Promovet

204 2078 280 2108 inst.
310 2077 389 2108 Bas.
418 2080 725 2118 nuptamque—236
750 2079 828 2109 Bas.
858 2079 1000 2110 Auratus
1028 2083 1107 2112 crat.
1154 2080 1223 2120 Ipse
1252 2089 1294 2110 ex
1323 2078 1519 2110 melioribus
1549 2077 1671 2109 Heins.

206 2119 326 2158 dedit;
361 2119 450 2160 vulg.
483 2121 557 2160 ipso.
604 2119 644 2150 In
676 2121 823 2151 Berolin.
851 2121 972 2153 omissa
1001 2122 1107 2153 verba
1137 2121 1521 2162 quem—AEgides.—239
1554 2120 1670 2159 Multi,

206 2163 538 2201 madidam...arenam‚
554 2162 643 2203 quod
670 2162 839 2202 improbat
864 2164 980 2195 Burm.
1005 2164 1085 2206 quia
1115 2165 1280 2195 calcitrare
1302 2164 1358 2194 vix
1384 2173 1459 2194 cum
1477 2163 1670 2194 accusativo

210 2205 463 2245 ponium—2⁴0
488 2204 605 2235 Eidem
634 2205 792 2245 displicet
814 2215 976 2246 germana,
1003 2206 1094 2248 quod
1125 2205 1244 2237 Heius.
1267 2216 1309 2237 ex
1335 2215 1401 2237 uno
1418 2215 1478 2237 suo
1495 2215 1557 2246 pro
1579 2205 1672 2245 vulg.

205 2247 348 2285 germani
364 2252 510 2286 recepit,
537 2248 615 2287 qnia
636 2248 775 2279 dubium
799 2258 935 2280 sensum
967 2248 1071 2287 facit3
1106 2254 1223 2289 posset
1248 2249 1336 2280 enim
1361 2249 1464 2279 etiam
1482 2247 1671 2289 significare

209 2299 322 2322 veram
352 2289 494 2320 caedem.
540 2291 624 2320 Cum
647 2289 680 2320 in
710 2300 774 2322 uno
789 2291 924 2322 Thuan.
952 2292 1009 2330 sit,
1032 2292 1209 2332 germania,
1226 2292 1258 2322 id
1276 2291 1500 2331 separandum
1522 2290 1672 2331 judicat,

205 2333 348 2371 germani
373 2343 392 2362 a
419 2332 593 2372 (propter)
620 2334 713 2371 ccede,
729 2333 829 2374 idque
846 2333 988 2373 pra-fert
1004 2335 1267 2375 vulgatam—241
1295 2334 1397 2374 Vulg.
1414 2344 1493 2365 omn.
1508 2333 1601 2364 simul
1616 2343 1669 2364 un.

208 2378 315 2407 —242
341 2374 460 2406 Heius.
479 2374 625 2405 malebat
642 2385 678 2404 en
703 2375 901 2416 prime-243
926 2376 984 2408 Pr.
1007 2377 1047 2407 V.
1063 2377 1154 2417 frag.
1171 2377 1290 2418 scyphi.
1337 2377 1425 2408 Dein
1443 2385 1524 2407 unus
1542 2375 1669 2406 Medic.

208 2417 362 2458 turbique,
376 2418 463 2448 unde
484 2416 602 2448 Heius.
615 2417 700 2457 conj.
721 2418 871 2458 cur-tique,
889 2419 942 2449 vel
960 2418 1115 2460 sulcique,
1129 2424 1165 2450 ut
1184 2419 1349 2451 Heroidd.
1367 2429 1422 2450 ιιι.
1441 2421 1494 2450 31.
1519 2420 1527 2435 ‘
1547 2418 1669 2448 Fulvos

209 2469 352 2501 operoso
365 2470 406 2491 ex
424 2469 492 2491 aere
510 2459 767 2491 κωπίω-244
791 2461 954 2492 Meliores
970 2472 1073 2500 nunc‚·
1095 2463 1200 2494 ceteri
1217 2466 1301 2493 tum:
1326 2468 1360 2493 at
1385 2461 1543 2492 Heidelb.
1559 2460 1670 2500 quoad.

870 2547 1010 2580 NOTAE

252 2625 315 2653 220
356 2622 550 2663 Pirithoum]
591 2621 780 2653 Proverbio
809 2621 911 2653 ctiam
1008 2627 1070 2655 237
1094 2623 1241 2664 AEgidcs]
1265 2622 1418 2652 Theseus
1440 2619 1532 2658 [ἵζω-ἰ
1548 2618 1647 2650 filins.

209 2671 347 2713 cognita
381 2673 501 2705 Thesei
540 2678 576 2704 et
615 2672 760 2704 Pirithoi
793 2678 912 2704 mutua
1008 2676 1071 2705 210
1087 2671 1294 2710 Bimcmbrcs]
1312 2669 1474 2700 Centauri
1492 2667 1666 2709 biformes,

211 2722 369 2755 amicitia.
965 2724 1077 2756 media
1092 2728 1190 2766 parte
1207 2721 1370 2759 homines,
1387 2720 1495 2750 altera
1512 2718 1603 2760 eqni.
