1831 3023
189 189 307 233 1366
668 202 717 232 Ῥ.
749 201 907 231 ovmn
940 200 1152 232 NAsoms

182 293 404 345 ·'Quos'ita
422 294 580 351 (sensit
600 295 738 349 enim)
757 296 858 337 laeto
881 296 1106 336 Saturnius
1125 308 1198 336 ore

194 361 368 415 Jupiter
391 363 647 416 alloquitur:
681 363 848 402 Nostra
868 369 934 402 est
954 363 1083 403 timor
1103 363 1185 402 iste
1205 361 1425 415 voluptas,

198 428 237 469 Ο
261 429 438 482 Superi:
473 436 650 481 totoque
670 430 807 468 libens
829 429 930 468 mihi
956 437 1130 482 pectore
1151 436 1314 481 grator,

198 494 329 545 Quod
352 496 552 534 memor-is
575 495 723 547 populi
746 494 868 534 dicor
887 501 1112 550 rectorque
1134 502 1361 550 paterque:

199 561 256 601 Et
276 573 371 600 mea
393 561 618 612 progenies
640 566 783 601 vestro
803 575 979 616 quoque
997 568 1089 604 tuta
1106 565 1256 604 favore
1276 566 1356 604 est,

201 627 317 668 Nam
340 639 588 678 quanquam
611 628 753 680 ipsius
774 629 898 669 datur
917 629 1000 671 hoc
1022 632 1282 672 immanibus
1303 631 1442 681 acti83

201 693 379 743 Obligor
398 693 491 745 ipse
513 699 670 734 tamen.
731 695 817 735 Sed
839 697 966 746 enim,
986 711 1037 737 ne
1059 704 1239 750 pectora
1258 710 1371 738 vano

202 760 318 800 Fida
336 765 449 799 metu
474 765 677 812 paveant,
701 761 873 802 OEtaeas
896 765 1086 816 spernite
1108 765 1323 805 flammas.

203 826 362 867 Omnia
382 827 453 878 qui
474 828 596 875 vicit,
615 828 777 876 vincet,
799 841 909 880 quos
931 831 1120 878 cernitis,
1141 831 1281 882 ignes,

204 893 302 935 Nec
322 894 403 933 nisi
426 900 618 934 materna
639 894 885 934 Vulcanum
908 900 1031 948 parte
1054 901 1267 949 potentem

191 959 383 1001 Sentiet.
444 961 676 1002 AEternum
699 968 784 1012 est,
803 976 829 1003 a
850 976 919 1003 me
943 964 1061 1016 quod
1083 964 1235 1013 traxit,
1256 969 1302 1004 et
1321 977 1495 1017 expers,

204 1027 353 1079 Atque
373 1028 563 1067 immune
582 1030 723 1078 necis,
743 1030 948 1082 nullaque
970 1030 1188 1071 domabile
1207 1031 1395 1072 flamma.

206 1093 347 1147 quue
367 1108 446 1148 ego
467 1095 716 1136 defunctum
739 1100 852 1137 terra
875 1098 1124 1138 coelestibus
1146 1098 1234 1137 oris

204 1161 457 1216 Accipiam,
475 1164 730 1216 cunctisque
748 1177 892 1204 meum
912 1165 1105 1205 laetabile
1121 1164 1286 1205 factum

216 1228 294 1268 Dis
314 1229 403 1270 sore
425 1230 609 1271 confido.
670 1231 718 1271 Si
739 1232 840 1284 quis
860 1236 1004 1273 tamen
1026 1232 1238 1282 Hercule,
1259 1232 1297 1272 si
1317 1230 1416 1285 quis

1557 492 1644 534 245

1562 828 1648 871 250

1568 1162 1658 1205 255

211 1355 303 1393 (nam
320 1356 478 1396 advertit)
500 1357 630 1396 Jupiter
655 1357 823 1389 Saturnius
836 1360 880 1390 sic
895 1361 1053 1400 compellat
1068 1361 1152 1391 vultu
1168 1360 1277 1391 hilari:
1302 1359 1368 1390 Hic
1383 1361 1479 1390 metus
1501 1355 1588 1388 nobis
1610 1357 1658 1385 est

208 1399 420 1436 gratissimus,
435 1409 452 1429 ο
471 1400 631 1435 Coelz'coloe,
657 1404 748 1439 atque
774 1402 857 1431 ultro
881 1405 1000 1440 gaudeo
1021 1406 1084 1433 toto
1107 1404 1208 1441 corde,
1233 1404 1311 1442 quod
1335 1401 1496 1441 perhibeor
1509 1403 1539 1429 et
1554 1407 1611 1428 rex
1625 1400 1658 1427 et

210 1445 300 1480 paler
312 1442 415 1481 populi
428 1441 509 1472 haud
525 1442 656 1478 ingrati,
667 1446 695 1471 et
712 1452 777 1472 mea
789 1443 901 1474 soboles
914 1454 1021 1475 secura
1034 1455 1148 1485 quoque
1163 1449 1207 1475 est
1222 1447 1323 1474 vestra
1335 1443 1550 1474 benevolentia.
1574 1440 1659 1470 Nam

211 1483 360 1522 siquidem
375 1484 457 1514 istud
471 1484 634 1514 conceditis
651 1484 714 1522 ejus
722 1484 820 1522 factis
836 1486 1077 1525 incredibilibus,
1090 1487 1289 1517 nihilominus
1300 1497 1356 1525 ego
1372 1489 1528 1525 acceptum
1542 1482 1635 1513 habeo
1647 1491 1661 1511 .-

212 1529 348 1555 ceterum
361 1535 398 1555 ne
412 1535 485 1556 cara
498 1529 621 1565 pectora
636 1526 835 1558 extimescant
852 1529 936 1559 nulla
950 1539 1052 1567 causa,
1069 1531 1252 1560 contemnite
1268 1530 1354 1568 ignes
1377 1529 1496 1558 OEtoeos
1508 1538 1518 1557 .·
1541 1525 1593 1566 qui
1608 1534 1659 1554 su-

201 1568 332 1605 *peracit
346 1568 459 1605 omnia,
474 1568 628 1606 superabit
655 1569 748 1599 eliam
766 1569 912 1608 flammas
937 1581 1012 1610 quas
1036 1571 1156 1602 videtis.
1215 1573 1321 1610 Neque
1340 1571 1401 1601 nisi
1416 1573 1504 1609 purte
1521 1571 1662 1598 materna

214 1611 391 1649 emperiam
415 1610 550 1640 validum
564 1610 666 1647 ignem
679 1622 688 1640 :
713 1612 790 1649 quad
805 1612 911 1642 habuit
927 1623 946 1642 a
961 1623 1008 1643 me
1023 1616 1067 1643 est
1083 1617 1242 1648 aeternum,
1265 1616 1294 1643 et
1310 1613 1458 1643 intactum
1475 1615 1564 1650 alque
1578 1609 1662 1639 inac-

213 1661 327 1682 cessum
342 1652 445 1689 morti,
459 1655 487 1681 el
505 1652 586 1681 nullo
602 1652 673 1690 igne
688 1655 902 1692 superandum.
948 1656 1051 1694 Atque
1075 1664 1129 1693 ego
1145 1655 1178 1684 id
1192 1655 1354 1685 admittam
1371 1655 1404 1685 in
1418 1655 1524 1684 coelum
1538 1651 1663 1689 defunc·

216 1697 280 1723 ‚tum
296 1697 378 1724 terra
388 1704 401 1730 ,·
423 1696 454 1724 ct
477 1694 564 1724 credo
579 1703 678 1724 meum
696 1694 823 1732 facinus
840 1695 987 1734 futurum
1010 1697 1126 1736 gaudio
1142 1696 1278 1727 omnibus
1293 1695 1380 1728 Diis.
1424 1695 1461 1726 Si
1481 1694 1549 1735 quis
1561 1697 1665 1734 tamen

823 1792 1059 1806 eeeeeeeeeeee

216 1856 328 1878 mutere.
350 1847 486 1887 Septem
502 1848 587 1878 rhed.
604 1847 826 1879 munda—243
850 1848 1001 1880 Berolin.
1018 1848 1075 1880 iste
1090 1850 1346 1881 voluntas—245
1364 1849 1458 1880 Unus
1472 1848 1551 1879 Bas.
1565 1849 1665 1878 tutor-

219 1900 275 1929 que
289 1893 461 1929 pam—'247
485 1891 593 1922 Datur
617 1896 670 1921 est
697 1900 738 1921 ex
766 1891 817 1921 Fl.
843 1891 877 1922 S.
907 1891 1030 1931 Marci,
1057 1901 1122 1924 sec.
1146 1892 1241 1923 Med.
1258 1898 1293 1923 et
1310 1892 1424 1922 multis
1442 1891 1532 1921 aliis:
1559 1889 1667 1920 ceteri

218 1933 313 1962 datis.
335 1933 482 1963 Berolin.
512 1933 596 1963 (lulis
617 1933 692 1963 lzoec.
714 1934 836 1971 Porro,
864 1934 955 1964 Med.
981 1944 1065 1965 unus
1094 1939 1130 1965 et
1157 1935 1252 1965 Leid.
1274 1934 1445 1973 insignibus
1469 1933 1558 1968 actis,
1575 1931 1665 1972 quod

220 1975 337 2004 Burin.
353 1974 488 2005 defendi
506 1984 604 2014 posse
622 1980 719 2015 putat
744 1985 786 2006 ex
811 1976 973 2006 Heroidd.
992 1986 1047 2007 111.
1074 1980 1144 2007 121.
1169 1977 1323 2007 Alterum
1338 1976 1471 2005 videtur
1487 1973 1665 2005 efficacius.

221 2015 344 2046 Horat.
360 2017 423 2056 Ep.
434 2025 472 2047 11.
485 2020 512 2047 1.
523 2020 552 2048 6.
567 2019 576 2033 ⁴
588 2017 855 2057 ingentiafacta’
868 2018 1007 2056 Bacchi,
1020 2019 1168 2056 Romuli,
1180 2021 1350 2049 δια-250
1365 2017 1476 2048 Berol.
1493 2015 1545 2056 qui
1555 2016 1666 2047 vincit.

220 2060 327 2087 —252
350 2058 491 2088 Bothius
507 2059 593 2098 conj.
610 2063 640 2089 et
655 2062 877 2099 e.rs11es.—253
902 2061 951 2091 Fl.
978 2061 1011 2090 S.
1028 2061 1139 2091 Marci
1164 2061 1291 2091 immun.
1307 2061 1416 2090 simul:
1442 2059 1529 2089 unde
1547 2057 1667 2089 Heius.

222 2099 312 2139 conj.
341 2100 428 2131 situs.
451 2100 569 2131 Heius.
595 2101 715 2132 suadet
745 2102 879 2141 nullique
901 2101 1066 2142 flammae;
1088 2113 1165 2133 nam
1194 2112 1279 2133 unus
1309 2111 1351 2132 ex
1368 2102 1441 2142 ejus
1467 2101 1667 2132 Mss.habet

878 2214 1016 2246 NOTAE

225 2287 317 2317 tione
347 2295 509 2327 superare
542 2287 705 2318 maximus
733 2287 778 2318 sit
813 2288 920 2321 labor.

224 2337 350 2368 Verum
366 2338 454 2368 enim
471 2338 615 2368 solemus
631 2348 690 2368 nos
705 2337 923 2378 tergiversari

225 2392 262 2418 et
288 2387 383 2418 nobis
409 2387 597 2428 imponere:
629 2389 837 2429 voluptatem
859 2390 922 2421 vir-

226 2436 309 2468 tutis
324 2437 440 2477 specie
456 2438 713 2478 amplectimur3
736 2448 754 2469 a
766 2449 830 2480 qua
847 2450 924 2480 pos·

227 2491 287 2518 tea
301 2496 376 2518 cum
393 2487 509 2518 divelli
524 2497 663 2519 necesse
673 2493 738 2528 est,
754 2490 817 2529 ipsi
828 2491 925 2522 nobis

226 2536 314 2568 mori
329 2536 494 2568 videmur.

270 2589 332 2619 241
355 2587 497 2628 Vindice]
521 2588 672 2620 Hercule
688 2590 853 2631 nimirum,
870 2593 925 2633 qui

228 2647 344 2670 omnes
360 2642 468 2670 terras
490 2648 510 2669 a
535 2640 706 2679 monstris,
728 2641 926 2683 latronibus,

230 2695 262 2720 et
279 2688 416 2720 nefariis
431 2689 620 2721 hominibus
637 2692 817 2732 purgabat.

272 2743 335 2772 243
374 2741 508 2781 Nostra]
543 2741 623 2774 Jovi
651 2751 772 2784 nempe
794 2748 926 2784 gratum

975 2290 1041 2322 fuit
1067 2292 1157 2323 Deos
1183 2291 1326 2323 Herculi
1350 2290 1419 2321 filio
1443 2289 1608 2329 faventes,
1632 2291 1669 2319 et

976 2351 1057 2382 erga
1072 2352 1107 2373 se
1123 2342 1318 2380 benevolos,
1328 2341 1484 2372 cernere?

1019 2396 1079 2424 251
1105 2392 1267 2432 Materna]
1292 2393 1378 2425 Quae
1395 2391 1490 2422 nobis
1515 2387 1671 2420 omnibus

977 2443 1095 2474 eadem
1111 2448 1160 2473 est
1177 2443 1345 2473 terrestris
1365 2441 1423 2471 illa
1438 2444 1475 2471 et
1489 2448 1569 2470 vere
1584 2447 1672 2469 mor-

977 2497 1046 2531 tua,
1061 2492 1172 2523 sensui
1189 2498 1224 2523 et
1242 2490 1408 2531 voluptati
1425 2489 1543 2527 affixa3
1558 2497 1672 2529 quam,

976 2541 1270 2583 flagitiosissimam
1283 2546 1317 2572 et
1331 2541 1407 2571 Deo
1420 2547 1586 2578 aversam,
1600 2537 1677 2577 nisi,

979 2593 1106 2623 divitiis
1142 2592 1278 2632 spretis,
1315 2590 1507 2629 honoribus,
1534 2588 1672 2629 ejusque

980 2640 1186 2674 fulcimentis
1212 2642 1488 2684 quibuscumque,
1517 2637 1606 2670 serio
1636 2641 1673 2667 et

980 2695 1052 2723 toto
1068 2693 1171 2723 corde
1187 2692 1392 2729 exuerimus,
1404 2690 1447 2721 ad
1463 2698 1578 2721 veram
1603 2685 1674 2718 Dei

980 2742 1081 2773 vitam
1099 2751 1274 2784 emergere
1289 2751 1356 2773 non
1371 2741 1463 2772 licet.
