1831 3023
513 164 545 192 M
555 160 985 192 ETAMORPHOSEON
1023 162 1116 192 mn.
1151 164 1216 193 lv,
1481 153 1594 196 1113

135 259 248 311 Quae
270 258 401 301 simul
422 257 614 305 edocuit,
637 255 786 306 Nunc,
809 270 836 298 o
856 257 1110 306 fortissime,
1132 256 1259 306 dixit,

133 327 244 368 Fare
266 337 430 380 precor,
453 323 634 372 Persen,
656 327 821 377 quanta
843 324 1016 373 virtute,
1038 324 1287 376 quibusque

132 393 314 436 Artibus
333 390 562 432 abstuleris
585 391 742 430 crinita
764 390 1034 431 draconibus
1057 402 1149 430 ora.

131 461 290 502 Narrat
311 457 601 510 Agenorides,
623 457 772 509 gelido
794 459 876 499 sub
893 457 1072 498 Atlante
1085 458 1305 511 Jacentem

131 527 241 568 Esse
259 527 420 574 locum,
442 524 597 565 solidae
619 528 761 565 tutum
783 525 1019 565 munimine
1039 524 1170 564 molis
1188 538 1200 566 :

129 594 266 648 Cujus
287 595 330 634 in
352 592 531 633 introitu
552 592 749 644 geminas
774 592 999 633 habitasse
1020 604 1193 632 sorores

129 661 396 715 Phorcydas,
418 661 545 700 unius
568 660 755 713 partitas
776 660 954 701 luminis
974 671 1104 700 usum
1121 672 1131 700 ε

129 729 182 771 Id
201 741 249 769 se
272 727 417 769 solerti
437 727 599 777 furtim,
622 727 724 768 dum
745 729 947 778 traditur,
971 730 1069 769 astu

126 796 371 850 Supposita
392 795 566 849 cepisse
585 808 741 835 manu:
774 808 937 849 perque
961 794 1113 836 abdita
1132 794 1278 847 longe,

1508 392 1592 432 770

1505 728 1590 769 775

120 949 291 980 sciscitanti
305 949 386 979 ritus
400 951 431 979 et
456 958 555 979 mores
579 948 746 980 hominum.
795 948 876 984 Qaoe
891 948 1001 980 statim
1017 952 1113 989 atque
1143 946 1317 986 enarravit,
1346 947 1380 978 N
1384 957 1452 987 unc,
1473 949 1586 989 inquit,

121 1003 137 1021 o
151 991 360 1022 strenuissime
375 991 506 1030 Persen,
528 1001 636 1030 narra,
650 1002 763 1031 quam,
787 995 903 1031 quanta
911 992 1121 1030 fortitudine,
1146 994 1176 1022 et
1191 990 1301 1031 quibus
1321 991 1400 1022 dolis
1414 991 1588 1031 abn'pueris

120 1037 211 1074 caput
223 1033 415 1074 serpentibus
428 1034 594 1074 hispidum.
639 1034 831 1066 Abantiades
844 1037 1004 1073 memorat,
1016 1035 1115 1065 locum
1131 1044 1195 1065 esse
1206 1037 1385 1074 porrectum
1396 1033 1450 1064 sub
1459 1033 1585 1074 frigido

122 1079 146 1107 A
153 1078 250 1108 tlante
265 1086 402 1107 securum
417 1080 502 1117 septo
527 1077 608 1108 rasti
625 1078 706 1108 muri
718 1088 727 1107 .·
751 1077 784 1107 in
807 1079 894 1117 cujus
921 1078 1062 1116 ingressu
1087 1078 1188 1107 sedem
1213 1076 1353 1107 habuisse
1377 1077 1454 1107 duas
1467 1085 1586 1107 sorores

122 1120 313 1160 Phor-cyrias,
327 1119 463 1159 partitus
477 1129 565 1155 usum
581 1119 674 1151 unius
689 1120 790 1151 oculi:
814 1130 846 1150 se
868 1130 938 1150 enm
962 1119 1150 1158 corripuisse
1172 1119 1341 1150 clanculum
1367 1119 1478 1150 callido
1504 1119 1586 1159 dolo,

119 1171 211 1193 ’nanu
225 1162 386 1201 submissa,
400 1162 472 1192 dum
485 1162 665 1202 porrigitur
677 1173 689 1200 ,·
712 1166 742 1193 et
755 1163 884 1193 subiisse
896 1163 981 1192 sedes
997 1162 1182 1201 Gorgoneas
1194 1172 1251 1202 per
1266 1162 1341 1192 loca
1353 1162 1444 1201 longe
1458 1164 1587 1200 semota,

732 1264 967 1276 eeeeeeeeeeee

117 1322 169 1353 his
185 1330 308 1362 magna
334 1320 416 1352 lect.
434 1321 590 1352 varietas.
635 1321 704 1351 Pro
733 1322 864 1351 locorum
892 1318 1028 1351 Ciofan.
1053 1329 1095 1350 ex
1124 1318 1254 1350 duobus
1279 1320 1410 1350 notavit
1436 1320 1584 1352 virorum.

118 1364 274 1396 Vicissim
292 1372 368 1394 mox
384 1372 446 1404 pro
462 1364 598 1393 virorum
616 1363 752 1403 quidam
769 1364 913 1393 locorum.
960 1362 990 1394 A
1010 1363 1181 1404 Bernegg.
1207 1362 1316 1403 primo
1331 1363 1418 1393 Mor.
1437 1363 1585 1394 secundo

118 1406 213 1439 Med.
229 1406 379 1446 Spirensi
397 1411 433 1437 et
451 1405 584 1436 duobus
602 1406 676 1436 aliis
702 1406 825 1436 absunt
855 1405 959 1436 verba
975 1406 1126 1446 quaerenti
1148 1408 1229 1445 prot.
1257 1415 1311 1435 un.
1331 1405 1453 1436 Narrat
1469 1405 1586 1446 Lynci-

117 1451 180 1481 des.
227 1449 390 1481 Nonnulli
421 1458 462 1479 ex
508 1448 752 1479 vetustioribus
785 1447 930 1488 priorem
969 1457 1054 1479 vers.
1087 1453 1197 1479 totum
1228 1448 1403 1479 omittunt.
1439 1448 1584 1480 Schedae

115 1492 235 1524 Theat.
248 1496 283 1523 et
310 1491 429 1522 tertius
455 1491 548 1522 Med.
574 1491 699 1527 Quaerit
724 1491 880 1532 Lyncides
894 1501 1050 1531 moresque
1071 1491 1267 1531 hahitumque
1282 1491 1431 1522 virorum.
1479 1491 1584 1524 Mitto

117 1535 263 1577 reliquas
279 1535 474 1565 varietates.
499 1533 617 1565 Heins.
635 1533 809 1574 triplicem
821 1533 1098 1565 emendationem
1116 1534 1307 1574 proposuit.
1336 1533 1422 1574 Dzff'.
1441 1544 1490 1564 an.
1503 1544 1585 1574 quae-

116 1578 198 1609 renti
210 1578 352 1618 protinus
368 1587 443 1608 unus
475 1576 597 1607 Narrat
615 1577 802 1608 Abantiadae
817 1577 975 1617 cultusque
991 1577 1169 1608 habitumve
1184 1577 1335 1607 Iocorum:
1359 1581 1418 1607 aut
1433 1577 1494 1615 sic,
1510 1575 1583 1614 Dis.

114 1630 164 1652 an.
177 1621 333 1660 cultusque
347 1620 546 1659 habitumque
561 1621 615 1650 toc.
644 1620 766 1654 Quaerit
785 1619 988 1650 Abantiades.
1036 1620 1199 1654 Quoerenti
1220 1620 1361 1660 prodidit
1376 1629 1466 1650 unus·
1503 1620 1584 1654 Quoe

115 1663 280 1702 nimuhtsst.
306 1662 377 1693 Aut
391 1662 537 1703 denique
554 1662 617 1701 sic,
635 1662 834 1697 Quoereneem
844 1663 985 1702 protinus
1001 1672 1079 1693 unus
1096 1662 1175 1697 Quoe
1189 1663 1292 1692 simut.
1317 1661 1428 1692 Faber
1444 1671 1491 1692 vs.
1507 1664 1583 1693 765.

115 1706 279 1737 intactum
296 1705 469 1746 relinquit,
485 1704 545 1736 sed
564 1715 610 1735 vs.
626 1707 679 1736 67.
696 1705 780 1745 legit
798 1705 850 1736 vel
866 1706 1028 1745 cultusque
1039 1714 1196 1744 genusque
1218 1706 1361 1744 locorum,
1386 1705 1438 1735 vel
1457 1707 1584 1735 morem-

114 1757 171 1788 que
184 1748 274 1788 (scil.
292 1748 384 1785 coeli)
400 1747 598 1787 habitumque
615 1748 759 1778 Locorum.
804 1748 979 1778 Schiracli.
997 1747 1142 1787 denique
1159 1747 1319 1778 emendat
1335 1757 1384 1777 vs,
1401 1749 1454 1777 67.
1468 1747 1582 1777 cultus-

114 1801 170 1830 que
185 1790 364 1830 habitusque
379 1790 633 1820 locorum—769
657 1789 776 1820 Heius.
802 1789 894 1829 conj.
909 1800 969 1829 qua
996 1793 1031 1820 tu
1047 1790 1171 1820 rirtute.
1195 1789 1316 1820 Heius,
1331 1789 1462 1819 emend.
1493 1789 1581 1820 Pers.

115 1843 174 1873 qua
189 1837 225 1864 tu
236 1834 418 1864 τίνι-770
443 1832 536 1863 Unus
551 1832 646 1863 Lcid.
662 1832 737 1863 Art.
753 1833 909 1863 attuleris.
934 1832 1080 1865 Quidam
1097 1842 1155 1872 pro
1167 1832 1282 1862 crinita
1295 1831 1421 1862 habent
1436 1831 1582 1871 pinnum·

116 1876 240 1907 Lovan.
265 1875 407 1906 cristata.
443 1875 618 1914 Mycillus,
642 1875 752 1905 criniti
780 1877 883 1913 terga,
910 1881 945 1905 et
976 1875 1105 1905 Thuan.
1134 1874 1243 1904 criniti
1266 1875 1356 1911 colla,
1383 1874 1581 1905 draconis.—

113 1920 175 1949 771
200 1917 268 1949 Alii
304 1917 401 1948 Narr.
433 1917 647 1952 Abantiaam
687 1917 771 1947 Mss.
798 1918 927 1947 Bersm.
954 1917 1175 1952 Acarnanam
1213 1917 1272 1947 sed
1297 1916 1465 1954 meliores,
1489 1920 1579 1947 teste

114 1960 232 1992 Heius.
266 1959 579 1998 Agenorides.—772
605 1959 685 1990 Mss.
712 1960 840 1990 Ber-sm.
869 1959 1001 1989 solidam
1028 1962 1106 1989 tutoe
1139 1968 1223 1989 mun.
1261 1957 1360 1988 Alter
1386 1958 1577 1999 Hamburg.

114 2007 231 2043 septum
245 2005 435 2034 mum—7⁷3
461 2002 519 2032 Pr.
537 2000 644 2033 Gron.
662 2010 746 2032 unus
763 2001 838 2032 Pal.
857 2006 894 2032 et
906 2002 973 2032 duo
988 2001 1043 2032 alii
1056 2001 1196 2032 habuisse
1208 2003 1443 2032 sorores.—774
1461 2000 1579 2033 Heius.

774 2119 919 2152 No'rAE

114 2215 233 2238 nornen
250 2211 301 2237 est
324 2205 508 2247 proprium.
561 2204 628 2236 Sed
644 2205 740 2237 locus
764 2211 816 2236 est
871 2205 944 2236 aliae
963 2205 1118 2244 Medusa,
1131 2205 1285 2243 Sthenio,
1297 2210 1331 2236 et
1347 2205 1506 2246 Euryale.
1525 2205 1577 2237 De

114 2257 230 2298 procul
246 2256 346 2287 dubio
354 2262 546 2297 corruptus,
561 2256 678 2298 dequo
693 2256 816 2287 videsis

111 2307 240 2340 clariss.
264 2307 395 2339 Heinsii
431 2307 690 2349 castigationem
717 2317 814 2339 accu-

113 2365 234 2398 ratam,
247 2359 274 2390 si
292 2359 376 2391 tanti
387 2364 449 2390 est.

153 2413 217 2442 770
243 2410 322 2451 Ora]
352 2409 508 2441 Medusa:
530 2414 635 2450 caput
650 2409 815 2450 serpenti-

112 2462 172 2492 bus
187 2460 373 2499 horridum,
390 2464 427 2491 ut
443 2469 546 2500 supra
559 2460 715 2492 vidimus.

152 2513 214 2542 ⁷74
264 2510 458 2551 Phorcydas]

115 2560 293 2601 l’ephredo
317 2566 354 2592 et
391 2561 500 2601 Enyo,
527 2560 648 2602 quibus
683 2560 815 2592 addunt

113 2611 264 2643 nonnulli
295 2611 396 2651 Dino,
433 2611 557 2643 Phorci
593 2611 694 2651 filias,
718 2620 815 2652 quas,

111 2663 202 2704 quod
229 2671 324 2693 σεῦε
351 2667 441 2694 natae
469 2661 607 2703 fuerint,
632 2663 744 2693 Graeas
760 2672 815 2693 vo-

110 2715 314 2753 citaverunt,
347 2722 484 2754 quarum
517 2722 647 2746 sorores
675 2712 814 2746 fuerunt

518 2510 698 2551 Gorgonas
732 2509 815 2542 dicit
831 2521 839 2525 ·

870 2256 994 2297 quibus
1018 2256 1178 2287 monstris
1195 2257 1372 2287 consulere
1389 2266 1453 2287 non
1472 2256 1576 2297 poeni-

871 2306 957 2338 tebit
982 2306 1118 2338 Natalis
1146 2306 1289 2338 Comitis
1313 2307 1578 2347 Myffiologiam,

871 2357 1060 2398 praesertim
1119 2356 1368 2398 Palaephatum,
1425 2357 1576 2398 itemque

872 2408 1129 2449 Apollodorum.

917 2460 1017 2491 Unius
1029 2457 1172 2498 luminis]
1198 2458 1314 2496 Oculi,
1326 2468 1392 2499 quo
1411 2468 1472 2498 per
1487 2458 1575 2488 vices

870 2510 1074 2541 utebantur:
1103 2514 1206 2549 atque
1223 2508 1380 2550 equidem
1405 2518 1480 2539 eum
1497 2517 1575 2538 con-

869 2561 1031 2592 siliarium
1044 2560 1160 2591 volunt
1173 2558 1288 2598 fuisse,
1300 2558 1357 2600 qui
1369 2558 1517 2589 fabulam
1531 2557 1575 2588 ad

869 2611 1042 2643 historiam
1055 2609 1228 2646 referunt;
1254 2608 1469 2649 prudentiam
1478 2616 1573 2646 veto,

868 2661 952 2703 (qua
982 2671 1066 2702 opus
1104 2660 1315 2701 potissimum
1353 2657 1395 2689 ad
1435 2657 1572 2699 negotia

867 2711 1025 2751 externa)
1039 2711 1096 2753 qui
1114 2709 1158 2742 ad
1173 2717 1293 2741 mores.
