1831 3023
514 229 989 262 METAmoRPHosnoN
1024 231 1121 262 Lis.
1153 232 1266 263 xm.
1504 227 1616 269 1589

162 322 302 379 Troja
319 325 446 366 simul
467 325 756 378 Priamusque
776 325 960 368 cadunt:
992 324 1214 367 Priameia
1231 327 1330 380 conj
1338 341 1398 369 ux

164 391 366 434 Perdidit
384 392 535 434 infelix
552 391 736 432 hominis
757 397 857 446 post
876 394 1021 434 omnia
1040 392 1248 446 sormam3
1530 398 1617 439 405

164 457 466 513 Extemasque
484 471 601 500 novo
621 458 780 500 latratu
801 462 948 502 terruit
969 473 1116 502 auras.

162 525 339 579 Longus
360 529 404 568 in
426 531 657 580 augustum
677 540 766 580 qua
786 528 1002 569 clauditur
1022 528 1361 582 Hellespontus,

162 591 279 632 Ilion
299 594 507 644 ardebat3
537 605 678 646 neque
699 593 838 635 adhue
860 595 1125 636 consederat
1145 595 1257 647 ignis
1275 609 1284 637 :

161 658 468 714 Exiguumque
488 661 602 702 senis
624 660 790 702 Priami
809 661 838 703 J
842 663 938 703 ovis
960 675 1036 703 ara
1056 675 1250 703 cruorem

162 724 456 769 combiberat.
517 726 724 769 Tractata
745 728 885 769 comis
905 728 1102 768 antistita
1122 728 1285 768 Phoebi
1533 727 1618 768 410

162 791 268 833 Non
287 793 562 846 profecturas
583 794 789 836 tendebat
807 794 862 835 ad
884 794 1051 835 aethera
1071 794 1258 847 palmas.

161 859 439 902 Dardanidas
458 866 619 902 matres
639 861 883 914 patriorum
904 862 1030 915 signa
1057 862 1264 913 Deorum,

161 925 280 967 Dum
301 927 420 977 licet,
445 928 694 982 amplexas,
716 941 1013 982 succensaque
1033 931 1194 983 templa
1215 934 1410 972 tenentes

159 993 387 1035 Invidiosa
405 995 579 1036 trahunt
596 996 789 1036 victores
805 995 988 1048 praemia
1007 995 1145 1036 Graii.

161 1059 352 1103 Mittitur
372 1061 607 1116 Astyanax
625 1062 714 1102 illis
734 1062 788 1103 de
808 1063 1012 1112 turribus,
1034 1063 1148 1103 unde
1535 1062 1620 1103 415

158 1126 427 1180 Pugnantem
444 1142 521 1182 pro
542 1142 604 1179 se,
627 1130 918 1183 proavitaque
936 1143 1071 1184 regna
1089 1135 1296 1182 tuentem,

159 1194 294 1249 Saepe
314 1195 463 1237 videre
480 1200 661 1250 patrem,
681 1200 967 1238 monstratum
987 1211 1013 1239 a
1032 1203 1185 1250 matre,
1205 1199 1390 1240 solebat.

158 1261 348 1316 Jamque
368 1264 485 1305 viam
507 1265 666 1306 suadet
686 1265 878 1317 Boreas3
911 1266 1105 1319 flatuque
1125 1267 1317 1308 secundo

157 1404 242 1436 bello.
292 1405 383 1444 Trqia
398 1410 428 1438 et
445 1407 593 1438 Priamus
606 1418 667 1439 una
683 1413 836 1448 pereunt:
857 1409 970 1440 misera
984 1419 1066 1440 uxor
1081 1409 1206 1440 Priami
1219 1412 1287 1449 post
1303 1409 1404 1439 omnia
1419 1407 1526 1438 amisit
1531 1406 1606 1448 sig-u

157 1458 226 1478 ram
241 1447 406 1479 humanam
417 1460 430 1486 ,·
451 1454 543 1491 atque
558 1451 731 1489 tremefecit
746 1452 849 1482 aerem
870 1452 1070 1492 peregrinum
1085 1461 1160 1482 novo
1176 1453 1305 1482 latram.
1355 1450 1448 1488 Trqja
1455 1450 1622 1490 flagrabat

157 1500 217 1530 qua
242 1490 462 1531 Hellespontus
487 1494 596 1532 hmgus
621 1494 809 1525 terminatur
831 1494 865 1525 in
889 1497 1075 1532 angustum.-
1098 1503 1193 1533 neque
1206 1494 1340 1533 flamma
1362 1493 1462 1523 adhuc
1475 1500 1621 1532 oppressa

157 1536 227 1563 erat
239 1544 251 1570 ;
274 1537 303 1564 et
319 1534 419 1564 altare
432 1535 522 1566 Jovis
531 1535 689 1567 sorbuerat
703 1537 866 1576 pauculum
876 1536 1057 1575 sanguinem
1072 1535 1197 1566 Priami
1209 1536 1302 1567 senis.
1344 1534 1494 1566 Sacerdos
1510 1533 1621 1565 Phoebi

157 1578 283 1616 raptata
297 1576 418 1616 capillis
430 1577 611 1617 porrigebat
623 1579 664 1609 ad
679 1579 786 1610 coelum
800 1588 910 1610 nianus
924 1589 984 1609 non
996 1578 1204 1619 profecturas.
1251 1579 1358 1609 Graect
1379 1579 1510 1609 rictores
1523 1576 1621 1616 potiti

156 1618 280 1659 templis
294 1618 425 1650 incensis
438 1622 565 1660 rapiunt
579 1624 738 1652 matronas
756 1621 917 1661 Trojanas,
936 1622 1095 1662 amplexas
1105 1621 1271 1651 simulacra
1287 1620 1430 1651 Deorum
1442 1620 1621 1661 patriorum

157 1661 230 1691 dum
245 1662 433 1700 conceditur,
455 1663 587 1702 proemia
600 1663 763 1694 invidiosa.
807 1664 976 1703 Astyanax
990 1662 1136 1701 dejicitur
1149 1672 1189 1694 ex
1205 1663 1269 1693 iuis
1289 1662 1439 1702 turribus,
1455 1663 1534 1694 unde
1549 1671 1618 1692 con-

158 1707 298 1734 sueverat
323 1713 402 1744 soepe
417 1714 538 1736 cernere
552 1709 711 1745 parentem
727 1709 935 1736 monstratum
948 1715 967 1735 a
982 1708 1082 1736 matre
1095 1708 1265 1736 certantem
1285 1716 1342 1745 pro
1362 1715 1406 1745 se,
1428 1709 1522 1746 atque
1536 1708 1623 1736 tuen-

158 1751 219 1777 tem
234 1755 332 1786 regna
347 1747 488 1786 antiqua.
533 1748 665 1788 Jamque
681 1748 797 1788 Aquilo
822 1748 937 1779 incitat
962 1748 1001 1778 ad
1016 1749 1192 1789 discessum,
1217 1751 1248 1779 et
1263 1749 1328 1779 tela
1344 1749 1468 1788 agitatu
1485 1747 1619 1788 fiamine

769 1832 1004 1844 eeeeeeeeeeee

159 1885 286 1924 munis,
304 1885 452 1926 Imposita
468 1890 512 1917 est
529 1896 607 1918 sero.
633 1887 727 1919 Unus
755 1888 855 1919 etiarn
872 1887 994 1919 Heius.
1011 1889 1208 1918 steca—405
1233 1886 1384 1918 Beroliu.
1403 1886 1516 1917 Edidit
1532 1885 1620 1925 infel.

159 1931 265 1959 —406
290 1928 393 1960 Multi
410 1933 488 1961 terr.
504 1939 616 1966 aures:
640 1936 675 1961 at
692 1931 812 1962 Heius.
828 1930 910 1961 nihil
926 1930 1125 1962 mutandum
1139 1935 1277 1962 censet:
1301 1930 1345 1960 V.
1372 1934 1407 1960 et
1424 1938 1509 1960 unus
1522 1929 1619 1961 Med.

158 1972 271 2007 urbe-35
293 1971 360 2002 duo
375 1982 465 2003 orac:
487 1982 570 2003 nnus
587 1973 675 2004 Mor.
695 1974 1096 2013 Externos...agros.——407
1120 1973 1198 2004 Pal.
1213 1982 1290 2005 cum
1314 1971 1515 2014 quibusdam
1532 1971 1619 2012 aliis,

159 2025 219 2053 qua
230 2017 340 2054 pontus
354 2015 455 2045 claud.
473 2015 700 2047 Heues.—408
723 2017 821 2048 Voss.
848 2016 924 2047 Ilios
941 2017 1120 2048 ινφ-410
1147 2016 1296 2047 Trai-tata
1314 2015 1442 2046 liabent
1459 2015 1621 2056 quinque,

159 2066 192 2086 in
209 2056 329 2098 quibus
340 2058 470 2088 Thuan.
488 2067 538 2098 pr.
554 2059 644 2089 Mor.
662 2060 761 2091 Cant.
777 2059 821 2090 0.
835 2059 925 2090 unde
939 2060 1074 2100 accepit
1090 2059 1223 2098 Heins.‚
1235 2058 1292 2100 qui
1310 2063 1421 2089 tamen
1439 2058 1517 2089 olim
1531 2057 1620 2098 lege·

160 2099 220 2130 bat
242 2103 370 2140 raptata
382 2111 392 2131 .-
419 2101 509 2141 vulg.
538 2102 707 2143 tractisque
723 2107 781 2134 aut
796 2105 1078 2144 tractaque—416
1102 2102 1196 2134 Voss.
1214 2101 1307 2134 Leid.
1324 2106 1359 2132 et
1376 2101 1427 2132 ΡΙ.
1443 2101 1478 2132 S.
1496 2099 1620 2140 Marci,

822 2208 962 2241 No'rAE

203 2290 264 2320 -104
289 2287 429 2328 conjux]
464 2287 621 2327 Hecuba,
645 2289 790 2330 scilicet,
816 2289 860 2321 de
915 2288 957 2321 ad
987 2297 1087 2330 quam
1128 2287 1242 2320 stabat
1272 2286 1441 2328 Priamus,
1467 2286 1616 2327 Pyrrhus

160 2339 255 2379 cnjus
273 2338 535 2379 metamorphosi
551 2338 584 2368 in
601 2340 831 2380 sequentibus.
914 2337 1050 2371 effudit.

202 2391 266 2421 406
290 2387 467 2428 Externos]
502 2388 664 2419 Thracias
693 2390 861 2430 nimirum,
957 2391 1020 2421 410
1043 2387 1216 2428 Antistita]
1254 2387 1479 2419 Cassandram
1519 2387 1616 2426 dicit,

161 2444 198 2470 nt
220 2438 410 2470 videbimus
433 2443 575 2479 postea;
600 2448 793 2481 quanquam
813 2439 861 2471 di·
916 2439 1084 2481 Apollinis
1106 2438 1334 2478 sacerdotem,
1350 2438 1476 2469 Priami
1494 2437 1617 2469 tiliam:

161 2498 260 2520 versa
274 2489 331 2520 alii
347 2488 570 2530 scripserunt.
916 2490 959 2521 de
975 2499 1042 2532 qua
1056 2490 1130 2521 haec
1145 2489 1264 2520 eadem
1282 2488 1403 2529 Virgil.
1421 2487 1494 2518 AEn.
1510 2497 1549 2519 ιι.

201 2541 263 2570 407
281 2539 367 2579 Qua]
387 2538 598 2579 Angustatnr
613 2539 759 2571 maxime
776 2539 860 2572 Hel·
956 2543 1020 2573 412
1043 2538 1261 2579 Dardanidas]
1283 2538 1457 2578 Troianas,
1503 2537 1615 2579 Atque

160 2591 348 2632 lespontus,
362 2590 418 2621 ubi
434 2590 513 2621 olim
535 2590 653 2622 Sestos
669 2595 704 2622 et
718 2590 859 2632 Abydos
913 2591 986 2623 haec
1001 2590 1116 2623 omnia
1137 2599 1157 2621 a
1171 2588 1314 2629 Virgilio
1337 2592 1507 2618 mutuatus
1525 2587 1616 2619 vide-

115 2679 120 2684 ·
160 2641 320 2672 fuerunt:
339 2640 558 2681 protenditur
573 2646 688 2673 autem
701 2641 742 2672 ad
755 2642 860 2673 Troa-
916 2647 971 2675 tur
986 2643 1108 2675 Poeta.

162 2692 239 2723 dem
270 2700 390 2732 usque,
417 2690 451 2722 in
479 2701 545 2734 qua
570 2691 635 2723 fuit
663 2692 779 2734 Ilium,
803 2703 863 2726 seu
957 2696 1020 2725 415
1044 2689 1225 2733 Λήμνια]
1244 2688 1406 2721 Hectoris
1424 2698 1466 2720 ex
1483 2688 1616 2720 Andro-

160 2743 313 2784 'l‘rojaun
327 2741 460 2775 civitas.
915 2746 1032 2779 mache
1047 2744 1150 2776 filius.

205 2795 268 2825 409
293 2792 472 2834 Exiguum]
494 2793 604 2827 Quem
624 2793 658 2826 in
683 2794 780 2829 Jovis
795 2804 864 2838 ara,
958 2799 1021 2830 418
1042 2793 1177 2836 Boreas]
1191 2793 1257 2826 Qui
1276 2797 1396 2825 ventus
1421 2803 1440 2824 a
1462 2792 1615 2834 Septem·
