1831 3023
226 204 338 245 1270
710 215 750 244 P.
783 213 942 244 ovum
976 212 1191 244 NAsoms

227 309 394 363 Magna
414 309 550 352 foret?
612 309 717 351 Non
737 323 835 351 sum
855 313 1109 361 contentus3
1141 311 1185 350 et
1204 309 1249 350 in
1269 320 1365 348 mea
1383 320 1531 361 pugno

226 376 443 429 Vulnera3
475 378 576 418 dum
601 390 758 418 census
779 377 882 417 dare
902 390 969 416 me
992 390 1070 429 pro
1089 379 1216 417 nocte
1237 374 1456 428 paciscor.

227 442 501 498 Muneraque
523 444 722 496 augendo
743 444 918 483 tandem
942 444 1141 483 dubitare
1163 441 1304 494 coegi.
1590 441 1676 483 740

227 510 464 553 Exclamo:
498 512 616 551 Male
637 513 781 549 tectus
803 522 883 561 ego
903 522 970 558 en,
992 510 1105 549 male
1126 514 1282 563 pactus
1303 507 1485 558 adulter,

229 578 376 620 Verus
399 591 512 618 eram
533 577 721 630 conjux:
751 588 834 624 me,
855 575 1035 627 perfida,
1058 580 1167 616 teste
1188 576 1357 617 teneris.

229 645 314 686 Illa
335 646 462 685 nihil:
495 645 626 684 tacito
646 641 941 682 tantummodo
960 643 1079 682 victa
1098 643 1266 695 pudore

228 710 449 751 Insidiosa
469 711 583 751 malo
604 722 703 750 cum
727 709 909 762 conjuge
928 709 1080 748 limina
1100 709 1232 761 fugit:

230 776 496 831 Offensaque
515 777 601 818 mei
622 787 760 828 genus
781 788 907 815 omne
927 788 1086 828 perosa
1104 775 1298 816 virorum

230 843 461 885 Montibus
481 844 667 892 errabat,
688 841 846 882 studiis
867 846 1052 894 operata
1073 841 1249 883 Dianae.

227 910 342 951 Tum
361 911 465 951 mihi
486 909 657 950 deserto
676 909 912 950 violentior
932 909 1047 961 ignis
1068 908 1125 948 ad
1146 921 1251 948 ossa

228 976 453 1018 Pervenit:
484 977 661 1017 orabam
681 976 881 1027 veniam3
913 980 958 1016 et
976 988 1191 1028 peccasse
1213 975 1403 1017 fatebar:

227 1042 282 1084 Et
300 1044 496 1097 potuisse
518 1042 636 1084 datis
657 1042 787 1083 simili
807 1043 1090 1083 succumbere
1112 1042 1258 1095 culpae

1592 774 1679 815 745

227 1170 318 1203 tum?
363 1173 436 1203 Non
459 1183 527 1204 sum
542 1175 702 1215 expletus,·
725 1178 753 1205 el
781 1175 871 1205 tendo
887 1174 919 1204 in
935 1184 1035 1205 meum
1058 1174 1210 1205 exitium.-
1234 1175 1305 1204 dam
1328 1174 1456 1213 spondeo
1469 1172 1604 1213 pretium
1623 1183 1681 1214 pro

227 1218 323 1245 nocte.
355 1216 457 1256 Atque
472 1218 652 1247 cumulando
667 1219 758 1254 dona,
777 1217 885 1255 subegi
902 1217 1031 1256 deniqne
1045 1217 1201 1247 vacillare.
1235 1216 1410 1254 Vociferor:
1436 1216 1516 1246 Ecce
1531 1225 1586 1255 ego
1601 1217 1682 1247 male

227 1258 372 1297 occultus,
388 1260 467 1289 male
480 1259 650 1299 promissus
664 1261 800 1298 adulter,
829 1269 912 1290 eram
928 1269 1016 1290 verus
1030 1263 1180 1290 maritus:
1203 1259 1382 1297 coargueris
1403 1267 1450 1288 me
1463 1260 1552 1297 teste,
1573 1257 1681 1299 infida.

227 1298 287 1330 Illa
302 1300 398 1330 nihil:
420 1303 472 1331 sed
488 1305 606 1332 tamum
619 1306 764 1342 superata
779 1305 896 1333 secreto
910 1303 1025 1342 pudore
1040 1302 1120 1332 citat
1131 1304 1253 1332 domum
1266 1300 1447 1331 insidiosam
1461 1310 1528 1331 cum
1539 1310 1682 1340 perverso

226 1342 354 1381 conjug-e
365 1353 375 1372 .·
398 1347 487 1383 atque
502 1344 570 1375 odio
586 1345 698 1375 habens
713 1348 812 1375 totam
834 1348 960 1383 gentem
976 1345 1112 1374 virorum
1136 1355 1202 1375 mea
1218 1344 1345 1383 injuria,
1367 1353 1425 1383 per
1445 1345 1563 1374 montes
1586 1352 1681 1382 vaga-

227 1383 318 1414 batur
332 1386 459 1416 studens
474 1387 656 1417 ministeriis
672 1387 798 1418 Dianoe.
846 1386 922 1417 Tum
943 1397 1029 1417 amor
1055 1387 1157 1417 acrior
1181 1387 1324 1426 pervadit
1350 1395 1418 1416 ossa
1432 1385 1590 1416 derelicti.-
1610 1394 1682 1425 pre-

226 1427 318 1457 cabar
332 1431 367 1458 nt
381 1428 563 1467 ignosceret,
590 1432 621 1459 et
635 1430 832 1468 agnoscebam
856 1438 910 1459 me
927 1429 959 1459 in
974 1430 1062 1469 culpa
1078 1438 1159 1460 esse.-
1183 1432 1213 1459 et
1226 1428 1360 1469 potuisse
1376 1427 1472 1458 etiam
1486 1427 1520 1458 in
1534 1427 1682 1467 ejusmodi

833 1523 1068 1535 eeeeeeeeeeee

228 1594 294 1616 uno
311 1584 444 1616 Ciofani
473 1585 535 1616 ista
552 1586 629 1616 satis
643 1586 847 1627 fidei.—739
870 1588 937 1619 Pro
952 1591 1037 1619 nocte
1048 1587 1189 1628 paciscor
1206 1586 1300 1618 dedit
1317 1586 1435 1617 Heius.
1453 1595 1495 1617 ex
1513 1586 1592 1626 suis,
1606 1586 1683 1617 Mu-

228 1628 362 1669 retique
380 1629 463 1659 Exc.
480 1628 577 1658 Unus
592 1629 634 1659 V.
650 1633 686 1659 et
712 1629 850 1660 Caelest.
874 1640 932 1670 pro
954 1633 1040 1660 nocte
1060 1631 1230 1669 loquendo,·
1254 1630 1309 1660 alii
1328 1629 1473 1669 plurimi,
1488 1633 1526 1659 ut
1541 1632 1578 1659 et
1595 1627 1682 1660 Edd-

228 1671 318 1710 vulg.
341 1670 489 1710 promitto
519 1671 674 1710 loquendo.
710 1672 862 1703 Beroliu.
898 1672 989 1703 Vuln.
1017 1673 1303 1712 tum...spospondi:
1337 1671 1411 1701 Pal.
1429 1675 1511 1702 tert.
1529 1670 1682 1708 ferendo;

226 1722 313 1743 unus
345 1713 434 1743 Mor.
458 1713 594 1750 locando,
620 1712 710 1743 uude
735 1713 855 1746 Heius.
873 1714 963 1754 conj.
986 1715 1231 1744 locanda—741
1256 1714 1359 1752 Vulg.
1392 1714 1554 1751 Exclamo,
1578 1713 1683 1743 mala.-

224 1757 350 1794 pectora
373 1755 502 1792 detego.-
527 1754 627 1795 fictus
652 1756 795 1793 adultem·
829 1760 864 1787 et
892 1757 938 1787 sic
966 1756 1000 1786 in
1026 1765 1091 1786 uno
1119 1755 1265 1786 Ciofani.
1312 1755 1352 1785 In
1367 1755 1476 1786 altero
1492 1758 1528 1785 et
1544 1754 1684 1786 Caelest.

222 1799 333 1836 pactus
355 1796 494 1826 adulter:
519 1797 616 1826 sicin
634 1797 779 1837 Capran.
807 1798 840 1828 in
868 1799 961 1839 cujus
987 1807 1045 1828 ora
1069 1798 1121 1828 11ae
1148 1798 1222 1828 duae
1249 1797 1322 1828 aliae
1348 1798 1533 1829 varietates
1555 1800 1684 1829 notatae

228 1844 317 1878 sunt,
333 1839 413 1869 Exc.
430 1839 513 1870 mala
526 1842 636 1879 pactus
650 1849 717 1879 ego,
733 1841 810 1872 male
829 1851 861 1881 p.
876 1851 906 1872 a.
931 1841 1009 1881 Vel,
1020 1850 1084 1871 exc.
1106 1841 1183 1871 male
1197 1843 1288 1881 pacta
1302 1849 1392 1880 nego,
1405 1840 1483 1871 male
1494 1849 1528 1880 p.
1544 1841 1596 1871 ad.
1641 1839 1684 1870 In

227 1881 373 1912 Briantii
390 1893 397 1911 :
424 1882 507 1913 Exc.
520 1883 602 1913 mala
611 1886 748 1922 pectora,
761 1884 813 1923 150.
830 1884 911 1915 utin
927 1884 969 1915 V.
983 1884 1078 1923 cujus
1105 1888 1159 1914 est
1183 1883 1254 1914 haec
1283 1883 1400 1923 lectio,
1423 1883 1594 1913 Exclamo.-
1615 1891 1684 1913 mea

225 1927 351 1963 pectora
364 1925 470 1962 detego
484 1935 493 1954 .·
516 1927 616 1956 tectus
629 1926 764 1956 adulter.
811 1925 850 1956 In
867 1926 944 1966 alio,
958 1930 994 1957 et
1009 1927 1043 1956 in
1061 1936 1126 1957 uno
1143 1925 1251 1957 Fulvii
1268 1925 1396 1965 Ursini,
1415 1926 1562 1956 Exclamo
1573 1935 1584 1955 .·
1604 1925 1684 1956 male

227 1971 318 2005 pacta
337 1976 415 2005 nego
430 1967 508 1997 male
529 1971 638 2007 pactas
651 1968 781 1999 adulter.
826 1969 893 2000 Sed
911 1969 967 2000 alii
983 1969 1050 1999 duo
1070 1968 1147 1999 libri
1171 1968 1283 1999 Vatic.
1301 1977 1376 1998 eum
1392 1967 1520 1998 habent
1535 1967 1683 1998 colloca-

229 2014 301 2038 tum
318 2014 395 2048 post
419 2009 530 2040 iilum:
557 2010 727 2040 Exclamo:
750 2012 831 2042 mala
855 2016 982 2051 pectora
1002 2012 1124 2050 detego,
1139 2012 1189 2050 δῖε.
1235 2010 1274 2040 In
1291 2019 1357 2040 uuo
1371 2008 1504 2048 Maffei,
1520 2009 1683 2048 Exclamo,

227 2051 306 2080 male
319 2054 427 2090 pactus
443 2061 509 2091 ego,
530 2053 607 2082 male
612 2052 710 2093 fictus
723 2054 855 2085 adulter.
900 2053 942 2083 In
957 2053 1065 2083 altero
1080 2063 1088 2083 :
1114 2053 1276 2091 Exclamo,
1287 2052 1365 2082 male
1375 2051 1477 2092 fictor
1491 2051 1590 2091 adest,
1604 2051 1683 2082 male

220 2091 321 2133 fictus
335 2094 465 2124 adulter.
509 2094 638 2124 Nostra
658 2095 763 2125 lectio
787 2100 841 2125 est
856 2104 898 2125 ex
917 2095 1036 2126 Heius.
1052 2094 1184 2125 emend.
1221 2095 1336 2124 Burm.
1353 2093 1470 2124 mallet
1484 2093 1572 2124 Male
1584 2096 1684 2124 tectus

230 2144 298 2175 ego,
312 2135 390 2165 male
409 2135 509 2175 fictus
533 2136 772 2168 adunca—746
793 2137 834 2167 In
851 2136 980 2167 duobus
999 2137 1040 2167 V.
1063 2137 1145 2167 stud.
1160 2145 1305 2176 operosa.-
1327 2145 1379 2177 pr.
1405 2136 1496 2167 Mor.
1511 2135 1683 2176 studiisque

880 2232 1022 2265 NO'rAE

271 2309 335 2338 739
360 2306 490 2347 Census]
524 2305 663 2348 Amplas
689 2316 764 2339 suas
791 2307 926 2339 divitias

229 2367 289 2398 pro
306 2358 502 2389 concubitu.

980 2307 1212 2348 exprobravit.
1258 2306 1458 2348 Quanquam
1482 2306 1583 2338 aliter
1607 2306 1681 2348 Hy-

981 2359 1090 2399 ginus,
1107 2359 1255 2399 itemque
1271 2357 1417 2389 Ovidius
1432 2362 1559 2391 noster.

272 2411 334 2440 744
357 2408 471 2447 Fugit]
495 2407 610 2450 Atque
626 2412 696 2440 tum
717 2409 758 2440 ad
775 2409 926 2441 Minoem

232 2461 343 2492 Cretae
369 2468 483 2499 regem
510 2460 680 2500 pervenit,
705 2471 724 2491 a
747 2470 810 2501 quo
828 2461 926 2501 jacu-

228 2511 297 2541 lum
326 2510 521 2541 inevitabile
562 2516 596 2542 et
628 2521 745 2542 canem
787 2512 927 2552 Laelapa

231 2559 378 2600 accepit,
399 2569 498 2600 quem
523 2561 614 2591 nulla
634 2560 706 2591 fera
723 2566 836 2601 posset
857 2563 927 2592 evi-

231 2615 325 2648 tare;
347 2610 466 2651 quibus
482 2611 614 2652 quidem
641 2613 833 2643 muneribus
853 2613 928 2652 ipsa

232 2670 378 2702 quoque,
419 2661 532 2701 specie
570 2666 712 2702 mutata,
741 2663 927 2703 Cephalum

230 2711 387 2743 maritum
412 2711 454 2743 ad
481 2711 598 2743 fictum
626 2712 829 2743 adulterium
858 2714 928 2753 pel-

231 2761 328 2803 lexit,
363 2761 454 2803 quod
483 2766 520 2794 et
556 2761 684 2803 pariter
714 2762 927 2803 deprehenso

1023 2413 1083 2442 745
1104 2410 1289 2451 Offensaque
1303 2410 1379 2451 mei]
1392 2410 1492 2443 Quod
1508 2419 1561 2441 me
1576 2409 1682 2442 offen-

980 2461 1105 2492 disset:
1130 2470 1205 2492 nam
1233 2461 1342 2492 active
1370 2471 1435 2492 vox
1460 2461 1517 2492 illa
1536 2461 1681 2502 plerum·

981 2522 1045 2553 que
1060 2512 1214 2549 sumitur,
1229 2510 1371 2542 offensio
1389 2510 1534 2551 passive.
1579 2510 1682 2542 Cete-

981 2573 1053 2594 rum
1071 2572 1109 2594 ea
1126 2568 1178 2594 est
1198 2562 1400 2593 verecuudae
1428 2561 1551 2592 mentis
1576 2561 1679 2602 ratio,

981 2617 1018 2644 ut
1034 2613 1139 2653 magis
1154 2622 1229 2653 quae
1253 2612 1387 2652 culpam
1406 2615 1564 2652 arguunt,
1578 2620 1680 2653 quam

981 2673 1056 2704 quae
1072 2662 1214 2701 laedunt,
1231 2659 1351 2702 fugiat.

1024 2715 1088 2745 746
1111 2712 1246 2754 Studiis]
1269 2710 1465 2752 Venationi,
1481 2709 1625 2743 scilicet.
