1831 3023
231 194 236 200 ’
268 201 380 242 1088

751 210 789 239 Ρ.
822 207 978 238 OVIDII
1012 207 1223 238 NASONIS

268 304 350 346 Est
367 304 442 346 via
461 303 659 353 declivis,
677 302 850 343 funesta
869 301 1018 342 nubila
1036 305 1142 343 taxo
1161 316 1171 343 :

270 371 406 412 Ducit
426 371 482 411 ad
504 371 692 410 infernas
712 381 789 422 per
807 371 926 408 muta
947 368 1116 409 silentia
1135 368 1275 409 sedes.

270 438 381 492 Styx
402 438 582 478 nebulas
601 436 781 476 exhalat
798 434 938 474 iners:
970 435 1216 488 umbraeque
1238 437 1430 476 recentes

271 504 553 545 Descendunt
574 505 690 552 illac,
714 502 1034 554 simulacraque
1053 502 1204 542 functa
1224 502 1452 555 sepulcris.

1631 501 1717 542 435

271 570 421 611 Pallor
443 570 703 624 Hyemsque
726 572 875 609 tenent
894 569 982 609 late
1000 568 1098 609 loca
1119 573 1262 610 senta:
1293 569 1498 620 novique,

273 636 376 687 Qua
397 637 456 677 sit
470 637 565 686 iter,
586 637 760 685 Manes,
785 636 984 688 Stygiam
1004 635 1122 688 quod
1138 636 1258 676 ducit
1277 636 1334 676 ad
1354 635 1518 683 urbem,

273 704 482 757 Ignorant
500 717 509 744 :
541 704 616 744 ubi
639 704 696 744 sit
715 703 828 754 nigri
848 702 940 742 fera
958 698 1076 754 regia
1098 702 1229 742 Ditis.

274 771 398 812 Mille
414 784 562 824 capax
583 771 742 819 aditus,
765 773 808 810 et
829 773 1005 822 apertas
1027 769 1218 823 undique
1237 772 1386 822 portas

273 837 393 878 Urbs
411 838 559 879 habet.

619 837 765 890 thue
787 837 943 877 fretum
965 837 1017 877 de
1038 840 1133 878 tota
1151 838 1334 877 flumina
1353 840 1479 885 terra,

1634 835 1720 875 440

275 905 350 945 Sic
373 918 522 945 omnes
544 905 712 945 animas
730 905 858 944 locus
880 905 1043 957 accipit
1061 905 1134 945 ille
1153 918 1162 955 ;
1194 917 1271 944 nec
1293 903 1373 943 ulli

275 970 473 1023 Exiguus
495 971 660 1025 populo
683 975 765 1020 est,
787 971 1015 1012 turbamve
1036 971 1245 1011 accedere
1266 970 1408 1010 sentit.

276 1037 432 1078 Errant
451 1051 703 1090 exsangues
725 1039 819 1079 sine
841 1050 1022 1092 corpore
1043 1043 1088 1078 et
1109 1039 1280 1078 ossibus
1300 1037 1467 1077 umbrae
1485 1049 1494 1076 τ

274 1103 474 1156 Parsque
494 1104 631 1144 forum
654 1106 890 1153 celebrant,
912 1118 1014 1156 pars
1033 1105 1109 1145 imi
1127 1109 1242 1146 tecta
1261 1104 1428 1158 tyranni
1446 1117 1458 1155 3

276 1168 386 1208 Pars
407 1169 514 1209 alias
537 1173 672 1217 artes,
692 1171 887 1220 antiquae
907 1170 1153 1210 imitamina
1169 1171 1288 1211 vitae.
1638 1168 1724 1208 445

273 1286 388 1316 similia
402 1284 656 1323 suisfurorz'bus?
706 1286 763 1315 Est
779 1286 838 1314 iter
854 1286 1028 1323 depressum
1040 1286 1201 1315 obductum
1213 1290 1288 1316 taxo
1296 1287 1447 1324 pestifera
1458 1297 1471 1321 ;
1493 1286 1577 1315 ducit
1588 1286 1628 1315 ad
1638 1286 1725 1316 sedes

276 1328 418 1368 Stygias,
440 1338 496 1367 per
511 1330 596 1357 muta
619 1328 755 1357 silentia.
800 1327 901 1364 Pigra
915 1328 1003 1365 palus
1021 1327 1135 1367 Stygia
1152 1327 1269 1357 emittit
1286 1327 1431 1363 nebulas,·
1454 1330 1485 1357 et
1501 1327 1617 1358 umbroe
1640 1337 1725 1357 novoe

275 1374 303 1400 et
320 1370 469 1408 imagines
483 1369 630 1409 sepulcris
639 1368 761 1406 functoe
775 1369 958 1398 descendunt
973 1369 1053 1398 illac.
1103 1370 1226 1399 Horror
1242 1372 1271 1399 et
1282 1369 1402 1407 frigus,
1419 1372 1448 1399 et
1463 1372 1599 1400 recentes
1615 1370 1727 1400 Ilsanes

276 1412 414 1442 obsident
427 1414 486 1441 late
501 1413 563 1442 loca
580 1412 717 1450 squalida
730 1421 788 1450 qua
805 1414 850 1440 est
867 1411 917 1440 via
940 1421 1007 1450 qua>
1023 1411 1107 1440 ducit
1130 1412 1169 1441 ad
1185 1411 1288 1441 urbem
1305 1411 1469 1448 infernam.
1519 1411 1599 1441 Urbs
1613 1421 1727 1450 magna

276 1454 367 1484 habet
383 1455 466 1484 mille
481 1454 595 1492 «alitus,
610 1457 640 1483 et
648 1453 736 1492 fures
754 1453 884 1492 undique
898 1457 1039 1492 patentes
1051 1465 1060 1483 :
1084 1457 1113 1483 et
1129 1455 1377 1492 quemadmodum
1398 1463 1481 1483 mare
1496 1453 1608 1493 recipit
1622 1463 1727 1483 amnes

277 1496 374 1526 totius
399 1499 502 1531 terr-ce,
527 1496 570 1525 sic
598 1497 647 1526 ille
673 1496 753 1525 locus
779 1505 879 1525 omnes
906 1495 1046 1531 animas;
1069 1505 1163 1535 neque
1179 1499 1224 1526 est
1247 1506 1362 1535 partus
1381 1496 1436 1526 ulli
1452 1495 1657 1536 multitudini,
1671 1498 1727 1526 aut

277 1539 371 1568 sentit
385 1539 509 1577 agmina
525 1538 638 1568 venire.
688 1537 811 1568 Umbrae
826 1547 998 1576 exsangues
1021 1542 1173 1576 vagantur
1187 1539 1253 1568 sine
1267 1540 1389 1577 corpore
1405 1541 1434 1568 et
1451 1537 1565 1568 ossibus
1577 1548 1588 1573 ;
1611 1541 1641 1568 et
1654 1547 1729 1578 pars

277 1581 394 1611 addicti
409 1580 571 1619 semtforo,
590 1589 664 1620 pars
678 1580 782 1612 domui
796 1580 912 1618 inferni
935 1580 1030 1619 regis,
1044 1590 1118 1620 pars
1137 1581 1209 1611 aliis
1230 1581 1342 1611 studiis
1358 1584 1393 1611 et
1416 1580 1602 1619 imaginibus
1616 1581 1729 1611 veteris

890 1666 1121 1676 efformem

280 1717 486 1755 Profunesta
502 1719 620 1748 Heius.
637 1718 753 1748 mallet
769 1729 835 1758 quae
862 1722 977 1749 moesta.
1012 1719 1157 1749 Innubz’la
1186 1719 1286 1749 etiam
1304 1719 1386 1748 Mss.
1403 1718 1643 1748 Bersm.-433
1667 1715 1730 1747 Ar-

280 1764 413 1798 gentor-
438 1761 476 1789 ad
506 1760 641 1797 infernos
668 1762 785 1791 Manes.
831 1760 870 1790 In
899 1761 1050 1800 plurimis
1078 1761 1213 1800 scriptis
1236 1767 1270 1791 et
1299 1760 1405 1791 Codd.
1437 1762 1533 1790 multa
1552 1760 1729 1789 silentia.—

279 1804 342 1831 434
366 1802 459 1831 Leid.
476 1804 616 1841 umbroeq.
640 1805 896 1832 210centes.—-437
923 1802 1043 1832 Heius.
1061 1804 1150 1842 conj.
1190 1803 1260 1837 Qua
1275 1802 1321 1842 fit
1340 1803 1413 1839 iter,
1437 1807 1473 1832 et
1488 1801 1580 1831 delet
1596 1810 1729 1831 versum

278 1852 348 1883 seq.
379 1847 415 1872 ut
445 1843 505 1872 hoc
537 1843 681 1881 dicutur,
710 1845 775 1873 iter
805 1848 913 1874 totum
943 1844 1088 1874 obsideri
1131 1854 1150 1874 a
1179 1845 1274 1874 novis
1298 1844 1462 1873 manibus.
1508 1844 1625 1874 Burni.
1651 1852 1729 1873 con-

281 1889 335 1915 tra
358 1890 485 1922 mouet,
517 1895 546 1914 v.
583 1886 651 1915 novi
680 1887 854 1925 postulare
882 1887 1066 1926 sequentia.
1091 1885 1159 1916 Alii
1185 1888 1275 1916 ducat
1302 1888 1342 1916 ad
1368 1886 1586 1916 urbem—441
1622 1884 1728 1916 Gron-

279 1928 362 1957 lacus
392 1936 452 1966 pro
479 1928 568 1956 locus.
602 1928 680 1956 Duo
712 1928 819 1958 Codd.
844 1929 924 1957 locus
947 1938 978 1957 a.
1003 1928 1183 1966 ipsa—442
1208 1928 1247 1957 R.
1271 1931 1306 1957 et
1333 1933 1478 1967 quatuor
1503 1927 1560 1956 alii
1583 1936 1637 1957 nec
1664 1931 1730 1956 tur·

281 1968 374 2006 bam,·
416 1969 568 1998 nonrmlli
592 1969 907 2008 turbamque—444
931 1968 999 1999 Alii
1026 1978 1098 2009 pars
1126 1970 1258 2004 summi;
1296 1969 1350 1998 alii
1380 1969 1601 2007 nigra—445
1629 1968 1728 2009 Vulg.

932 2062 1069 2093 NOTAE

325 2139 386 2167 432
402 2137 500 2178 Tamo]
523 2136 635 2168 Arbor
651 2141 703 2167 est
719 2140 893 2175 venenata,
909 2136 978 2167 abi-

284 2187 331 2218 eti
348 2188 476 2226 similis,
492 2197 590 2228 quam
611 2188 752 2218 dicimus
770 2187 903 2218 Gallice
916 2187 977 2224 l'if.

326 2240 386 2268 435
412 2237 547 2277 Functa]
583 2238 660 2268 Non
685 2238 773 2267 enim
798 2237 978 2276 insepulto-

283 2296 355 2317 rum
383 2288 569 2318 simulacris
594 2298 651 2318 seu
675 2287 813 2325 umbris,
836 2291 893 2317 aut
910 2287 977 2316 ani-

283 2336 400 2367 mabus
412 2337 549 2377 Stygem
563 2338 717 2377 paludem
725 2337 775 2368 fas
787 2341 859 2367 erat
872 2342 978 2368 trans-

287 2389 350 2420 ire.

327 2441 390 2469 436
414 2438 523 2478 Senta]
549 2439 686 2478 Quippe
702 2438 824 2468 inertia
840 2442 874 2468 et
891 2438 980 2478 quie-

286 2493 335 2525 ta,
351 2498 415 2529 quo
433 2489 540 2518 nullm
564 2488 649 2519 Solis
668 2488 777 2518 radius
793 2487 980 2527 pervadere

287 2543 410 2578 potest.

329 2590 390 2618 438
405 2587 567 2627 Ignorant]
580 2588 645 2617 Vix
661 2597 711 2617 me
728 2587 890 2624 continui,
902 2587 980 2627 quin

288 2637 530 2677 ineptissimum
548 2648 691 2677 versum,
714 2637 846 2667 omnino
863 2637 980 2667 tollen-

288 2686 378 2725 dum,
392 2689 561 2718 eraserim.

330 2738 391 2766 441
419 2737 484 2767 Nec
506 2738 563 2768 ulli
584 2736 727 2776 exiguus]
750 2736 837 2769 Quia
860 2746 981 2777 nempe

1033 2137 1159 2166 nullum
1173 2137 1316 2176 spatium
1328 2141 1496 2177 occupant
1510 2137 1642 2175 animae,
1654 2146 1729 2178 quae

1032 2187 1065 2217 in
1080 2188 1157 2218 Deo
1175 2188 1299 2227 vivunt,
1324 2188 1358 2218 in
1376 2188 1495 2228 abysso
1514 2187 1730 2219 tenebrarum

1033 2237 1086 2267 vel
1102 2237 1242 2268 luminis.

1074 2289 1135 2317 444
1174 2287 1299 2327 Forum]
1335 2288 1401 2318 Ubi
1435 2287 1584 2328 litigent,
1614 2297 1730 2320 causas

1034 2341 1147 2376 agant,
1163 2340 1223 2369 dvc.
1269 2338 1404 2378 Quippe
1421 2338 1511 2378 apud
1526 2338 1660 2369 Inferos
1674 2338 1731 2369 iis-

1031 2386 1109 2417 dem
1126 2387 1233 2417 teneri
1249 2388 1368 2418 studiis
1392 2388 1540 2418 homines
1553 2389 1732 2421 voluerunt

1034 2437 1181 2477 mimici,
1197 2438 1315 2478 quibus
1344 2439 1376 2468 in
1403 2440 1463 2469 liae
1487 2439 1558 2469 vita
1582 2438 1730 2470 delecta-

1035 2493 1169 2518 rentur:
1196 2497 1214 2517 a
1225 2498 1242 2527 q
1250 2498 1289 2518 uo
1307 2498 1371 2518 non
1387 2489 1417 2517 in
1436 2493 1543 2518 totuin
1559 2489 1732 2528 Scriptura

1036 2536 1177 2574 abludit,
1194 2546 1268 2577 quae
1291 2547 1394 2577 opera
1417 2543 1531 2567 nostra
1551 2546 1610 2568 nos
1634 2538 1729 2578 sequi

1036 2586 1188 2617 affirmat.
1234 2588 1299 2618 Sed
1327 2598 1369 2618 ex
1393 2588 1568 2619 secretiori
1585 2593 1620 2619 et
1636 2598 1732 2619 sanc-

1036 2638 1114 2668 tiori
1130 2638 1328 2677 Theologia,
1352 2648 1414 2668 nou
1438 2648 1480 2668 ex
1505 2639 1641 2678 garrula
1663 2638 1732 2677 illa,

1035 2698 1108 2729 quae
1119 2698 1248 2718 omnem
1259 2692 1280 2727 'p
1286 2698 1366 2728 rope
1377 2689 1492 2719 orbem
1503 2687 1730 2718 Christianum

1033 2735 1169 2779 invasit,
1181 2738 1297 2770 horum
1309 2738 1458 2778 cognitio
1471 2741 1522 2769 est
1533 2737 1730 2778 repetenda.
