1831 3023
518 205 987 237 METAMORPHOSEON
1024 207 1133 250 mu„r
1151 208 1265 240 xm.
1502 201 1615 242 1571

166 297 278 348 Quis
296 298 423 339 locus
439 296 570 352 Ajaci
585 299 604 338 't
665 297 866 338 Phthiam
886 299 1107 354 Scyronve
1128 301 1329 341 ferantur.

164 363 264 404 Nec
285 365 425 405 minus
446 368 513 405 est
531 364 616 404 isto
634 363 803 403 Teucer
822 366 1033 417 patruelis
1056 365 1234 408 Achilli.

164 430 283 471 Num
304 432 412 484 petit
433 431 504 471 ille
524 434 666 471 tamen
682 431 701 470 ⁴?
733 444 833 471 num
853 437 1012 485 sperat,
1035 438 1084 473 ut
1104 433 1270 475 auferat
1290 435 1440 475 arma?

164 496 282 549 Ergo
301 511 478 551 operum
499 498 708 551 quoniam
728 498 889 539 nudum
912 504 1127 540 certamen
1148 501 1327 542 habetur
1345 515 1355 551 3

163 563 301 605 Plura
321 565 495 618 quidem
514 565 613 614 feci,
636 577 762 618 quam
782 579 881 619 quae
901 568 1208 620 comprendere
1229 568 1356 610 (lictis
1534 566 1620 607 160

165 630 220 674 In
239 636 409 685 promtu
430 632 535 672 mihi
557 632 614 672 sit
631 646 640 673 :
671 645 812 673 rerum
832 638 978 674 tamen
997 634 1145 674 ordine
1165 634 1314 676 ducar.

164 697 364 739 Praescia
385 700 554 740 venturi
575 699 758 752 genitrix
779 700 942 741 Nereia
962 700 1038 739 leti

165 764 428 805 Dissimulat
448 765 565 806 cultu
584 769 747 807 natum.
809 766 1059 819 Deceperat
1080 777 1248 817 omnes,

164 830 221 871 In
241 832 403 884 quib-us
426 830 626 886 Ajacem,
647 837 802 873 sumtae
825 831 1003 872 fallacia
1022 832 1178 873 vestis.

165 896 304 938 Arma
323 911 406 951 ego
426 898 662 948 foemineis,
685 901 873 941 animum
889 904 1062 939 motura
1082 899 1267 950 virilem,
1538 899 1624 941 165

166 962 396 1017 Mercibus
418 966 593 1006 inserui.
654 966 816 1019 Neque
838 965 980 1006 adhuc
1002 966 1252 1019 projecerat
1272 967 1396 1007 heros

169 1029 405 1084 Virgineos
425 1033 618 1082 habitus,
642 1046 739 1074 cum
761 1046 956 1086 parmam
976 1033 1235 1086 hastamque
1254 1034 1433 1084 tenenti,

169 1096 286 1138 Nate
308 1099 424 1148 Dea,
446 1099 557 1149 dixi,
578 1100 658 1140 tibi
679 1113 725 1140 se
745 1100 939 1154 peritura
960 1104 1181 1141 reservant

167 1162 396 1217 Pergama.
459 1165 579 1216 Quid
600 1167 776 1208 dubitas
795 1167 1017 1220 ingentem
1034 1171 1230 1209 evertere
1250 1167 1462 1222 Trojam'?

167 1294 335 1336 Pyrrhum.
383 1296 462 1331 Quis
477 1296 559 1327 Iocus
574 1296 665 1336 Ajaci
678 1296 693 1329 ,7
708 1297 855 1336 ferantur
880 1297 1034 1337 Phthion,
1057 1299 1104 1329 cel
1129 1297 1258 1338 Scyron.
1305 1299 1411 1338 Neque
1441 1298 1553 1330 Teucer
1579 1303 1625 1330 est

168 1338 269 1368 minus
279 1338 432 1377 patruelis
447 1339 563 1370 Achilli
578 1349 669 1379 quam
685 1341 752 1371 iste.
798 1341 850 1372 An
866 1344 969 1371 tamen
985 1341 1036 1371 ille
1050 1341 1163 1380 poscit,
1179 1350 1217 1370 an
1233 1344 1336 1380 sperat
1359 1341 1498 1380 consequi
1514 1339 1626 1372 arma?

165 1381 321 1419 Adeoque,
335 1381 613 1422 siquidemvagitur
626 1386 748 1413 tantum
763 1383 800 1413 de
818 1382 929 1421 sactis,
950 1383 1088 1422 equidem
1112 1383 1202 1421 plura
1223 1382 1346 1422 peregi,
1361 1392 1451 1422 quam
1465 1392 1533 1422 quae
1550 1383 1626 1414 mihi

166 1421 208 1452 cit
218 1421 316 1460 facile
330 1423 470 1454 oratione
484 1425 614 1464 assequi.
660 1427 809 1455 Attamen
833 1425 956 1463 dirigar
980 1424 1058 1454 serie
1074 1433 1188 1454 rerum.
1236 1424 1344 1454 Mater
1362 1424 1478 1454 Nereia
1493 1426 1628 1464 prudens

159 1464 268 1500 futuri
283 1464 393 1504 obitus,
407 1466 633 1504 occulit-filium
647 1470 770 1497 ornatu.
818 1466 919 1497 Fraus
945 1466 1078 1496 amictus
1102 1466 1187 1505 capti
1204 1464 1367 1503 fefellerat
1383 1475 1496 1502 omnes,
1512 1466 1545 1496 in
1560 1466 1628 1505 qui-

167 1506 223 1536 buo
237 1506 376 1544 Ajacem.
423 1508 492 1546 Ego
519 1508 670 1539 immiscui
687 1508 839 1539 mercibus
853 1508 1051 1540 muliebribus
1066 1517 1154 1538 arma
1169 1511 1292 1538 tactura
1308 1518 1360 1538 cor
1374 1508 1473 1539 virile.
1520 1508 1628 1548 Neque

167 1547 264 1580 adhuc
277 1548 366 1579 heros
379 1550 558 1588 deposuerat
575 1554 702 1581 ornatus
715 1551 848 1591 puellae;
871 1560 940 1582 cum
955 1550 1023 1581 dixi
1039 1550 1190 1581 tractanti
1204 1554 1326 1581 scutum
1340 1554 1371 1581 et
1393 1552 1541 1588 lanceam,
1558 1550 1626 1581 Fili

168 1590 260 1632 Dete,
277 1591 372 1622 Ilium
397 1592 555 1624 ruiturum
569 1602 601 1624 se
629 1592 688 1623 tibi
715 1596 863 1625 reservat.
911 1592 1119 1628 Quamobrem
1144 1592 1256 1634 differs
1270 1593 1372 1624 delere
1388 1602 1534 1632 magnam
1551 1593 1628 1624 Tro·

782 1693 838 1704 m

171 1757 234 1787 ha’c
263 1756 535 1796 &monte—157
561 1758 619 1788 Est
633 1758 687 1789 isti
704 1768 753 1799 pr.
785 1757 917 1790 Erfurt.
935 1762 971 1789 et
988 1758 1137 1800 quinque
1154 1758 1223 1790 alii.
1274 1759 1447 1800 Bernegg.
1466 1768 1518 1800 pr.
1535 1759 1626 1792 Mor.

172 1804 208 1830 et
235 1799 368 1839 plurimi
392 1800 461 1838 alii,
487 1804 531 1830 est
560 1801 627 1831 illi:
647 1804 690 1832 est
719 1801 781 1832 illic
808 1802 858 1832 Fi.
889 1802 922 1832 S.
949 1801 1070 1832 Marci.
1116 1802 1190 1832 istic
1219 1805 1264 1832 est
1295 1810 1346 1842 pr.
1376 1802 1417 1832 R.
1450 1811 1501 1842 pr.
1526 1802 1628 1834 Cant.

171 1851 222 1880 pr.
247 1841 287 1871 V.
304 1847 337 1871 et
365 1842 450 1873 aiter
475 1842 663 1883 Hamburg.
691 1843 746 1874 isti
772 1847 817 1874 est
845 1843 1010 1874 Noricus:
1035 1847 1080 1874 est
1104 1843 1174 1874 istic
1206 1844 1250 1874 N.
1279 1849 1314 1874 et
1339 1843 1471 1874 Thuan.
1499 1844 1533 1874 in
1560 1854 1626 1876 uno

172 1883 266 1914 Med.
285 1884 317 1914 in
342 1884 401 1914 isto
428 1888 484 1915 est.
511 1885 629 1916 Heius.
645 1886 732 1926 conj.
759 1896 796 1917 en
822 1886 894 1926 ipsi,
923 1886 990 1923 vel,
1006 1887 1144 1917 extincto
1169 1886 1404 1917 Achiua—ms
1426 1886 1527 1926 Vulg.
1556 1887 1630 1919 Nam

170 1937 200 1964 p.
217 1926 239 1956 i.
255 1929 280 1956 t.
298 1936 328 1956 n.
343 1927 494 1967 si‚petat.
543 1927 582 1958 In
610 1938 675 1958 uno
702 1929 771 1960 Ma.
807 1929 872 1959 Nec
900 1932 1001 1959 tamen
1028 1929 1080 1959 ille
1103 1929 1196 1968 petit,
1222 1939 1294 1958 num
1318 1929 1345 1958 si
1360 1931 1457 1967 petat.
1504 1929 1544 1959 ln
1561 1938 1627 1961 uno

172 1969 213 1998 V.
231 1969 368 1999 Caelcst.
386 1976 420 1999 et
445 1969 576 2000 duobus
599 1970 731 2001 Ciofani
751 1972 816 2002 Nec
831 1981 864 2011 ρ.
882 1971 902 2002 i.
917 1974 940 2001 t.
965 1980 1019 2001 nec
1033 1981 1059 2000 s.
1074 1981 1108 2011 p.
1155 1971 1194 2001 ln
1223 1971 1330 2001 altero
1349 1970 1479 2001 Ciosaui
1495 1970 1629 2007 auferet.

173 2011 223 2041 Fi.
240 2012 274 2041 S.
291 2011 400 2041 Marci
418 2012 520 2042 etiam
540 2013 622 2043 Num
648 2014 737 2052 petit.
762 2013 846 2044 Exc.
872 2012 1028 2044 Caiandr.
1045 2017 1155 2054 qumi.
1172 2012 1264 2044 Med.
1282 2019 1316 2043 et
1333 2013 1413 2045 Jun.
1438 2023 1510 2044 num
1525 2018 1629 2053 sperat

173 2056 227 2085 ut.-
262 2062 304 2083 ex
332 2053 421 2084 hisce
449 2055 601 2094 vestigiis
631 2055 749 2086 Heins.
786 2056 894 2086 iocum
927 2054 1186 2086 retinxit.——163
1221 2056 1322 2095 x'nig.
1354 2058 1384 2085 et
1414 2055 1630 2095 deceperat.—

174 2097 235 2126 166
258 2095 335 2126 Duo
361 2096 524 2137 dejecerat,
544 2097 632 2138 quod
653 2107 718 2129 non
746 2098 905 2138 displicet
927 2098 1044 2129 Burni.
1074 2098 1194 2129 Heius.
1217 2097 1366 2129 malebat
1383 2098 1541 2138 rejecerat,
1570 2097 1629 2131 im·

836 2211 975 2243 NOTAE
1027 2255 1031 2257 λ

220 2292 467 2336 1567Phthiam]
497 2296 583 2328 Quae
601 2296 679 2327 urbs
695 2295 760 2328 fnit
774 2296 874 2328 Thes·
972 2299 1034 2328 162
1070 2297 1204 2338 Nereia]
1246 2299 1376 2338 Thetis,
1409 2298 1514 2330 Nerei
1553 2297 1634 2338 filia,

175 2341 279 2379 saliae,
297 2342 352 2373 ubi
369 2343 493 2375 Peleus
510 2344 651 2376 Achillis
672 2351 771 2386 pater
786 2356 876 2378 com-
930 2346 1072 2379 Achiuis
1087 2354 1210 2389 mater,
1225 2360 1300 2391 quae
1318 2360 1394 2381 cum
1419 2349 1522 2380 tilium
1545 2349 1634 2381 bello

174 2392 381 2424 morabatur.
930 2398 1080 2438 Trojano
1092 2400 1277 2439 periturum
1286 2399 1634 2440 cognovisset‚mnlie-

219 2443 350 2484 Scyron]
393 2444 525 2485 Pyrrho
551 2445 693 2477 Achiuis
717 2445 784 2477 filio
808 2456 877 2477 ser·
932 2447 983 2479 bri
997 2449 1113 2480 habitu
1127 2450 1217 2482 illum
1231 2451 1320 2482 inter
1332 2450 1533 2491 Lycomedis
1545 2450 1634 2490 regis

177 2493 286 2523 vanda
298 2503 390 2524 arma
403 2494 498 2533 dicit,
513 2497 568 2536 qui
591 2496 623 2527 in
635 2498 741 2537 Scyro
757 2497 878 2536 insula,
932 2497 1016 2528 filias
1031 2500 1269 2531 occultandum
1287 2500 1437 2531 tradidit.

175 2543 231 2575 ubi
249 2544 431 2575 Deidamia
453 2551 561 2576 mater
589 2547 787 2587 Lycomedis
810 2547 879 2578 suia
976 2552 1036 2580 167
1064 2550 1209 2592 Tenenti]
1236 2551 1341 2582 Arma
1353 2549 1634 2588 enini‚neglcctis

179 2598 259 2624 tuuc
276 2595 438 2634 temporis
454 2596 631 2636 imperium
648 2597 807 2628 habebat.
933 2599 1153 2631 muliebribus
1191 2601 1357 2638 omnibus,
1398 2610 1472 2640 qum
1512 2599 1634 2639 puellae

224 2646 283 2674 157
307 2644 437 2684 Teucer]
465 2646 531 2678 Qui
551 2646 666 2686 Ajacis
682 2646 800 2677 frater.
934 2655 1059 2681 cetera:
1075 2651 1139 2681 sibi
1165 2651 1376 2690 delegerant,
1395 2649 1544 2680 Achiuos
1565 2659 1637 2681 cor·

182 2731 186 2735 .
223 2697 285 2723 150
323 2694 475 2734 Operum]
517 2696 648 2728 Quibus
680 2698 879 2730 Graecorum
934 2701 1058 2741 ripuit:
1082 2711 1148 2742 qua
1163 2710 1205 2732 cx
1222 2711 1258 2732 re
1278 2701 1371 2732 illum
1394 2709 1465 2732 csse
1481 2710 1634 2742 comper·

179 2744 367 2776 exercitum
385 2745 524 2787 quisque
541 2745 758 2779 demeruerit.
937 2755 1007 2782 tum
1023 2755 1086 2782 cst.
