1831 3023
232 259 346 302 1492
707 267 758 303 ‘P-
791 264 948 296 ovrnn
981 263 1194 296 NAsoms

232 364 360 406 Invia
380 375 478 404 cnm
499 361 703 416 Phlegyis
723 361 943 402 faciebant
962 360 1180 414 Delphica
1200 360 1409 402 Phorbas.

233 431 424 474 Consilii
441 435 585 470 tamen
607 432 708 470 ante
729 429 813 476 sui,
835 427 1062 477 fidissima,
1084 432 1247 469 certam

231 499 298 540 Te
319 498 441 546 facit,
465 497 710 548 Halcyone.
772 493 856 533 Cui
880 493 1077 546 protinus
1098 495 1247 536 intima
1266 494 1402 548 frigus

232 566 351 606 Ossa
374 564 655 615 receperunt;
686 561 894 613 buxoque
916 561 1158 602 simillimus
1176 576 1250 603 ora

229 633 376 674 Pallor
396 630 517 679 obit3
547 629 838 682 lacrymisque
859 640 980 681 genae
999 628 1207 672 maduere
1227 628 1429 683 profusis.

230 700 316 740 Ter
338 702 502 738 conata
521 697 659 750 loqui,
682 701 748 738 ter
767 698 941 738 fletibus
963 710 1038 737 ora
1057 698 1242 750 rigavit:

231 765 517 818 Singultuque
539 765 636 817 pias
658 764 989 818 interrumpente
1016 766 1231 819 querelaS,

231 831 346 882 Quae
366 844 464 872 mea
484 831 615 884 culpa
637 834 771 879 tuam,
794 832 926 881 dixit,
947 833 1192 881 carissime,
1213 835 1396 873 mentem

229 899 370 940 Vertit
384 900 403 939 ’ἓ
433 899 510 939 ubi
528 901 609 946 est,
633 911 730 950 quae
752 910 856 937 cura
873 899 958 937 mei
978 898 1099 950 prius
1119 910 1216 937 esse
1239 899 1445 939 solebat?

227 966 256 1008 J
261 980 331 1008 am
349 970 476 1020 potes
499 965 735 1019 Halcyone
756 976 934 1004 securus
956 964 1114 1004 abesse
1135 964 1312 1004 relicta:

227 1034 256 1075 J
261 1047 330 1074 am
348 1035 423 1075 via
442 1034 574 1085 longa
595 1033 764 1085 placet:
790 1032 887 1086 jam
906 1044 1002 1071 sum
1024 1032 1103 1071 tibi
1125 1031 1269 1071 carior
1290 1032 1463 1073 absens.

228 1100 292 1141 At
320 1099 472 1154 (puto)
501 1113 579 1153 per
599 1104 732 1140 terras
752 1099 833 1139 iter
850 1101 932 1147 est,
954 1102 1207 1152 tantumque
1229 1098 1386 1153 dolebo
1405 1113 1416 1151 ;

229 1167 333 1208 Non
354 1168 487 1208 etiam
507 1169 693 1206 metuam
712 1178 722 1216 ;
755 1177 958 1218 curaeque
981 1166 1136 1206 timore
1157 1166 1378 1207 carebunt.

229 1236 425 1289 sEquora
443 1248 511 1277 me
533 1238 688 1275 terrent
705 1246 715 1285 3
747 1235 788 1273 et
807 1232 930 1285 ponti
948 1232 1084 1273 tristis
1105 1233 1264 1285 imago.

1600 427 1686 470 415

1599 763 1685 806 420

1598 1099 1686 1141 425

229 1346 303 1383 lam,
318 1345 461 1376 solatium
488 1344 666 1380 hominnm,-
688 1353 758 1374 nam
775 1343 885 1382 impius
904 1342 1041 1373 Phorbas
1055 1342 1203 1373 reddebat
1229 1344 1341 1382 templa
1357 1342 1508 1383 Delphica
1532 1343 1686 1375 inaccessa

227 1398 295 1418 cam
312 1388 472 1427 Phlegyis.
517 1388 677 1423 Attamen,
706 1386 866 1425 Halcyone
882 1386 1082 1426 fidelissima,
1110 1387 1137 1415 is
1164 1386 1222 1416 tibi
1247 1389 1338 1416 antea
1361 1386 1478 1416 indicat
1500 1387 1685 1417 sententiam

220 1440 324 1460 «suam.
372 1430 468 1468 Cujus
496 1430 603 1459 statim
627 1432 743 1458 tremor
772 1429 928 1467 occuparit
954 1429 1015 1458 ima
1036 1428 1234 1467 praecordia;
1256 1432 1285 1458 et
1298 1429 1399 1468 pallor
1413 1428 1588 1459 simillimus
1602 1428 1683 1459 buxo

226 1473 343 1502 vultum
360 1472 472 1502 invasit
484 1482 495 1507 ,¹
519 1475 549 1502 et
564 1481 653 1509 genoe
671 1471 815 1507 irrigatoe
830 1473 901 1500 sunt
918 1469 1049 1509 fletibus
1073 1470 1307 1510 profluentibus.
1353 1471 1413 1501 Ter
1424 1474 1531 1501 conata
1539 1471 1622 1509 fari,
1635 1474 1683 1501 ter

226 1515 376 1544 irrorat-it
392 1514 510 1551 faciem
526 1513 692 1553 Iacrymis;
716 1516 745 1542 et
760 1512 899 1550 singultu
914 1512 1138 1542 intermittente
1151 1512 1218 1550 pios
1243 1516 1377 1553 questus,
1397 1514 1559 1548 Quodnam
1582 1523 1684 1544 meum

225 1557 353 1595 crimen,
370 1557 482 1595 inquit,
497 1556 706 1591 dilectissime,
722 1559 819 1584 mutat
834 1555 970 1584 animum
986 1553 1100 1585 tuam?
1149 1555 1209 1584 Ubi
1235 1559 1280 1585 est
1306 1556 1464 1585 solicitudo
1479 1557 1516 1586 de
1530 1565 1588 1594 me,
1615 1565 1682 1595 quoe

225 1602 317 1629 antea
333 1608 396 1629 esse
409 1596 631 1629 consueverat!
678 1598 768 1627 Nunc
782 1601 866 1635 potes
881 1596 986 1626 absens
1001 1606 1062 1627 esse
1078 1597 1198 1636 quietus
1214 1598 1373 1637 Halcyone
1384 1599 1543 1628 destituta.
1589 1599 1682 1629 Nunc

225 1641 347 1679 longum
364 1642 480 1671 aerest
494 1643 630 1678 gratum.
677 1640 768 1669 Nunc
796 1649 861 1668 sam
892 1639 950 1669 tibi
977 1639 1119 1669 dilectior
1146 1639 1263 1671 absens.
1307 1641 1366 1679 At,
1383 1641 1481 1678 credo,
1503 1640 1553 1670 ria
1567 1643 1613 1671 est
1624 1650 1682 1680 per

224 1683 377 1720 tellurem,
392 1686 421 1713 et
450 1686 569 1713 tantum
595 1681 698 1711 tristis
720 1690 794 1710 ero.-
819 1691 878 1711 non
900 1681 1025 1719 insuper
1049 1682 1183 1717 timebo;
1206 1686 1235 1712 et
1260 1682 1471 1712 solicitudines
1498 1685 1588 1712 erunt
1615 1683 1682 1713 sine

223 1728 317 1756 metu.
363 1725 472 1755 Maria
486 1728 516 1754 et
533 1725 669 1754 luctuosa
685 1722 835 1762 cogitatio
859 1723 990 1761 oequoris
1021 1732 1068 1753 nze
1094 1723 1306 1761 terrefaeiunt.
1354 1725 1453 1763 Atque
1481 1733 1577 1763 nuper
1598 1734 1681 1764 spec-

836 1805 1072 1816 eeeeeeeeeeee

221 1861 344 1894 ciebant
359 1861 491 1903 recepit
505 1861 626 1893 Heius.
652 1870 694 1892 ex
709 1861 808 1892 Voss.
836 1864 871 1892 et
898 1870 964 1892 uno
981 1861 1061 1892 Bas.
1086 1860 1194 1893 ceteri
1212 1861 1377 1900 faciebat,·
1400 1864 1435 1893 et
1459 1860 1583 1893 deinde
1599 1860 1682 1895 Bas.

224 1905 354 1946 Phryxi
368 1915 429 1945 pro
447 1905 704 1936 Phorbas—417
729 1903 858 1934 Arund.
875 1903 1136 1944 bustaque—418
1160 1905 1243 1936 Sixii
1263 1911 1298 1935 et
1320 1910 1389 1935 tres
1407 1905 1462 1935 alii
1476 1905 1561 1936 Pall.
1580 1905 1681 1937 habet.

222 1951 329 1979 —420
353 1948 443 1978 Mor.
459 1947 549 1986 Sing.
565 1957 658 1983 saas;
680 1947 787 1977 Gron.
815 1946 965 1985 Singulta
992 1947 1119 1977 medias.
1150 1947 1245 1979 Leid.
1270 1947 1380 1978 interr.
1407 1948 1552 1986 loquelas.
1598 1947 1681 1978 Hei-

223 1989 316 2022 delb.
348 1989 567 2030 Singultus-qne
598 1999 632 2029 p.
660 1989 854 2028 interrupere
881 1999 908 2028 q.
925 1992 1043 2020 —421
1081 1990 1130 2020 Fl.
1163 1991 1198 2020 S.
1229 1991 1337 2020 Marci
1364 1991 1457 2020 vertit
1485 2000 1546 2030 pro
1577 1990 1680 2025 dixin·

223 2038 257 2062 et
282 2043 351 2073 seq.
379 2043 423 2063 vs.
452 2033 510 2062 Est
542 2032 591 2062 ubi
614 2041 684 2062 nam
713 2041 801 2071 quoe:
836 2031 925 2061 unde
958 2031 1078 2062 Heius.
1109 2033 1188 2067 Qua?
1211 2043 1276 2062 mea
1305 2033 1392 2072 culpa
1417 2036 1501 2062 tuam
1523 2031 1630 2070 vertit,
1651 2041 1678 2063 c.

223 2073 380 2105 mentem?
416 2075 476 2112 Eja
498 2074 550 2104 ubi
567 2074 649 2112 jam,
676 2084 756 2113 qaae,
782 2075 833 2113 syc.
879 2073 1008 2105 Arund.
1034 2075 1136 2105 etiam
1163 2076 1241 2110 Qnoe
1271 2075 1350 2104 mala
1375 2075 1565 2113 cum—423
1598 2074 1679 2104 Pat.

221 2117 309 2147 abire
334 2126 394 2156 pro
418 2118 639 2147 abessa—426
659 2116 713 2156 ,In
740 2116 907 2147 nonnullis
935 2117 1061 2147 timeam
1089 2126 1149 2156 pro
1175 2118 1449 2147 metuam—427
1474 2115 1571 2148 Leid.
1605 2116 1679 2156 AEq.

881 2194 1020 2225 NOTAE

222 2257 450 2298 gratissimum
461 2262 512 2288 est
520 2257 653 2298 insuper
662 2258 748 2299 quod
758 2258 920 2288 malorum

221 2308 468 2338 moderatorem
478 2309 676 2348 Supremam
687 2318 810 2339 numen
824 2309 920 2339 intel-

221 2359 364 2399 ligimus.

263 2411 325 2440 413
351 2408 505 2447 Clarium]
544 2409 598 2439 Ad
624 2408 792 2449 Apollinis
817 2409 919 2440 Clarii

221 2459 406 2490 oraculum.
429 2459 508 2489 Fuit
521 2469 664 2500 namque
681 2460 799 2490 Claros
813 2460 918 2490 loniae

219 2509 336 2540 civitas
360 2509 464 2549 juxta
485 2509 729 2549 Colophonem,
752 2508 919 2549 Apollinis

221 2561 357 2591 oraculo
374 2560 505 2591 nobilis.

266 2610 403 2650 Templa]
421 2611 505 2642 Quae
519 2611 665 2651 quidem,
677 2621 751 2642 cunr
765 2612 921 2651 propiora

220 2665 346 2698 essent,
378 2660 523 2690 breviori
554 2666 705 2701 tempore
736 2665 771 2691 et
801 2661 919 2692 minori

210 2711 347 2749 labore,
362 2710 423 2740 nisi
441 2711 592 2741 Phorbas
608 2711 806 2750 obstitisset,
824 2712 919 2752 Ceyx

220 2760 315 2791 adire
331 2761 506 2800 potuisset.

262 2812 324 2842 414
348 2810 512 2851 Phlegyas]
536 2811 659 2851 Populi
672 2809 808 2842 fuerunt
819 2811 920 2842 Thes-

975 2259 1067 2290 saliae
1094 2260 1262 2300 sacrilegi,
1280 2260 1442 2300 templum
1470 2259 1573 2290 etiam
1597 2258 1678 2289 Del-

975 2308 1108 2348 phicum
1125 2310 1270 2349 spoliare
1286 2309 1446 2348 aggressi,
1461 2308 1518 2349 qui
1537 2307 1678 2339 tandem

976 2358 1018 2389 ab
1033 2360 1120 2390 irato
1132 2360 1296 2399 Neptuno
1309 2359 1437 2389 diluvio
1448 2363 1526 2388 sunt
1538 2357 1678 2398 perditi.

1016 2409 1171 2449 Phorbas]
1199 2409 1387 2447 Thessalus,
1404 2408 1558 2448 Lapithae
1574 2406 1675 2447 filius,

976 2458 1061 2489 latro
1079 2458 1189 2497 ferox,
1206 2459 1262 2499 qui
1285 2459 1402 2490 obvios
1418 2459 1459 2489 ad
1476 2458 1676 2499 pugillatum

976 2509 1129 2549 cogebar,
1157 2515 1192 2540 et
1208 2509 1444 2540 interficiebat.
1489 2509 1579 2540 Deos
1595 2517 1677 2549 quo-

975 2569 1039 2599 qne
1058 2570 1245 2600 provocare
1259 2569 1369 2597 ausus,
1387 2559 1493 2590 donec
1511 2559 1552 2590 ab
1568 2558 1675 2600 Apol-

975 2609 1042 2640 line
1058 2616 1234 2650 superatus
1249 2614 1356 2640 morte
1371 2615 1422 2639 est
1439 2610 1631 2640 mulctatus.

1017 2662 1078 2690 423
1100 2661 1175 2691 Jam
1189 2659 1290 2700 potes]
1328 2659 1490 2699 Magnum
1514 2657 1674 2693 affectum

974 2708 1098 2740 habent
1126 2710 1199 2740 haec
1230 2709 1353 2749 omnia,
1392 2719 1467 2749 quae
1503 2718 1571 2741 non
1600 2710 1673 2742 sine

973 2759 1184 2800 querimonia
1200 2763 1356 2791 recenset
1371 2759 1561 2800 Halcyone.
