1831 3023
504 246 974 279 METAMORPHOSEON
1011 248 1105 279 mu.
1138 247 1231 279 ΧΠ.
1483 239 1598 282 1555

143 344 182 385 Ο
204 343 310 385 mihi
332 343 385 384 de
405 344 547 384 fratris
565 343 692 392 longe
713 344 966 394 gratissime
986 345 1118 394 natis,

142 411 269 453 Irrita
289 412 361 464 qui
383 424 550 452 mecum
573 409 762 462 posuisti
784 413 949 452 moenia
969 411 1144 465 Trojae3

141 478 329 532 Ecquid,
352 483 398 518 ut
418 478 499 518 has
515 477 606 530 jam
622 476 716 529 jam
738 490 921 518 casuras
944 479 1111 532 aspicis
1134 489 1275 526 arces,

142 544 368 597 Ingemis‘?
401 551 476 585 aut
495 543 654 596 ecquid
677 547 743 583 tot
765 544 1034 585 defendentia
1056 558 1200 586 muros

145 611 292 652 Millia
312 624 430 652 caesa
448 611 599 651 doles?
631 611 787 663 ecquid
816 611 893 665 (ne
914 624 1157 664 persequar
1177 609 1353 664 omnes)
1511 610 1595 652 590

143 679 350 720 Hectoris
369 680 522 719 umbra
542 678 674 727 subit,
697 679 858 719 circum
879 691 960 718 sua
981 678 1196 730 Pergama
1218 679 1346 719 tracti
1363 679 1381 718 ‘t

144 746 254 789 Cum
276 751 417 786 tamen
439 745 511 785 ille
532 745 667 793 ferox,
692 745 894 798 belloque
915 746 1134 785 cruentior
1154 747 1269 798 ipso,

141 812 266 854 Vivit
289 812 444 861 adhuc,
467 813 612 864 operis
631 813 770 852 nostri
791 812 1040 864 populator,
1065 811 1274 853 Achilles.

143 880 233 921 Det
251 879 355 919 mihi
377 892 452 919 se:
483 880 604 927 saxo,
627 878 787 932 triplici
811 879 915 931 quid
938 878 1120 930 cuspide
1142 879 1326 932 possim,

143 946 323 988 Sentiat.
383 944 444 986 At
465 946 673 1000 quoniam
694 957 949 986 concurrere
971 947 1166 986 cominus
1187 947 1304 986 hosti
1515 945 1599 987 595

142 1012 247 1053 Non
267 1013 405 1061 datur,
428 1013 605 1053 occulta
624 1012 884 1064 necopinum
907 1011 1042 1064 perde
1065 1012 1238 1063 sagitta.

142 1079 332 1122 Annuit:
365 1083 493 1131 atque
515 1079 658 1118 animo
679 1079 841 1130 pariter
863 1084 1106 1132 patruoque
1129 1092 1295 1132 suoque

144 1145 300 1187 Delius
323 1146 565 1197 indulgens,
587 1146 750 1192 nebula
771 1146 940 1188 velatus
958 1147 1003 1186 in
1025 1159 1179 1199 agmen

143 1290 345 1331 Smyntheum
361 1292 516 1322 intonsum
526 1291 697 1330 hujusmodi
711 1293 829 1323 verbis.-
857 1293 886 1323 Ο
903 1293 978 1323 mihi
993 1292 1150 1323 carissime
1165 1291 1299 1322 omnium
1309 1290 1430 1328 fratris
1446 1289 1602 1330 filiorum,

142 1333 193 1373 qm·
210 1344 324 1364 mecum
339 1335 478 1364 statuisti
494 1345 595 1364 muros
611 1335 734 1365 inutiles
765 1334 863 1372 Trojae
877 1346 888 1371 ,·
911 1337 1019 1374 ecquid
1034 1336 1127 1372 dotes,
1151 1343 1219 1364 cum
1247 1334 1331 1364 tides
1356 1334 1410 1363 lias
1428 1342 1513 1363 arces
1530 1333 1601 1370 J'am

135 1376 205 1414 jam
219 1375 384 1407 ruituras?
409 1377 454 1407 tel
481 1377 586 1417 ecquid
612 1378 696 1415 luges
723 1381 767 1407 tot
799 1377 896 1407 millia
924 1381 1058 1407 ”iactata
1090 1376 1210 1406 tuentia
1235 1374 1361 1406 muros?
1407 1375 1527 1413 Ecquid
1541 1375 1602 1413 (ne

143 1427 245 1449 omnes
274 1420 467 1457 recenseam)
497 1419 603 1449 umbra
635 1419 782 1449 Hectoris
806 1419 923 1458 raptati
949 1420 1064 1448 circum
1091 1427 1190 1447 muros
1210 1417 1332 1456 patrios
1355 1415 1514 1447 recurrit?
1535 1425 1603 1446 cum

142 1463 245 1491 tamen
269 1461 323 1491 ille
339 1470 437 1491 ,σαι-ηε
452 1461 599 1499 Achilles,
627 1464 657 1490 et
682 1461 887 1491 truculentior
902 1462 966 1500 ipso
986 1460 1074 1498 bello,
1097 1462 1235 1489 vastator
1256 1458 1354 1488 nostri
1375 1457 1486 1497 operis,
1502 1457 1602 1488 adhuc

134 1501 259 1538 fruitur
288 1503 363 1533 vita.
412 1504 562 1533 Occurrat
591 1503 684 1533 mihi.-
699 1502 782 1540 saxo
811 1503 925 1533 sentiat
950 1503 1024 1542 quid
1049 1502 1166 1532 valeam
1192 1501 1335 1531 tridente.
1382 1501 1428 1530 At
1448 1499 1601 1539 siquidem

141 1554 203 1574 non
223 1545 294 1576 licet
316 1546 461 1583 congredi
488 1545 623 1575 cominus
644 1555 712 1575 cum
735 1546 831 1583 hoste,
860 1545 971 1587 confice
996 1554 1064 1575 eum
1085 1544 1163 1574 nihil
1186 1544 1248 1573 tale
1271 1545 1455 1573 metuentem
1486 1541 1601 1572 calamo

141 1587 269 1619 occulto.
312 1587 510 1618 Assentitur:
533 1591 623 1627 atque
642 1587 755 1619 Delius
769 1587 932 1627 obsequens
946 1587 1038 1618 simul
1054 1596 1118 1617 suoe
1133 1586 1192 1616 irae
1217 1589 1248 1616 et
1267 1585 1388 1626 patrui,
1414 1588 1513 1616 tectus
1527 1584 1604 1614 nube

761 1676 952 1688 mo
955 1676 994 1687 oe

148 1735 299 1776 Cynthia,
328 1736 381 1766 vel
411 1736 690 1776 Cynthium-588
715 1735 807 1765 Olim
835 1734 1000 1766 edebatur
1026 1735 1146 1775 Ecquid
1175 1734 1226 1765 ubi
1252 1734 1382 1766 Asiae-as
1410 1743 1511 1765 casin.
1556 1733 1605 1765 At

146 1778 276 1809 Antaeus
293 1778 433 1818 primam
451 1778 615 1818 syllabam
633 1779 797 1818 corripit;
834 1777 921 1807 unde
950 1777 1005 1807 has
1020 1777 1091 1815 jam
1108 1777 1175 1816 jam
1198 1786 1240 1807 ex
1255 1781 1338 1807 vett.
1354 1776 1604 1816 exemplaribus

147 1820 419 1852 substituendum
451 1827 567 1851 censet
607 1820 772 1860 Mariang.
817 1819 956 1851 Accnrs.
1010 1820 1096 1850 Tres
1128 1820 1229 1850 etiam
1260 1819 1389 1849 habent
1420 1819 1500 1849 Ecce
1530 1818 1607 1858 quid

145 1863 200 1893 tras
222 1863 292 1901 jam
321 1873 389 1894 cum
421 1874 482 1894 cas.
529 1862 621 1893 Med.
656 1863 732 1902 Ecq.
765 1862 816 1892 ubi
843 1863 897 1892 has
915 1862 985 1900 J'am
1017 1872 1103 1892 cum:
1141 1862 1184 1892 V.
1203 1862 1339 1892 Parnes.
1366 1865 1401 1892 et
1429 1871 1513 1891 unus
1529 1861 1608 1892 Cio·

147 1904 217 1935 fau.
242 1906 293 1935 ubi
315 1906 370 1935 has
388 1905 541 1944 jamjam
570 1915 629 1936 cas.
675 1905 750 1935 Duo
777 1905 880 1935 etiam
903 1904 1064 1945 prospicis,
1089 1903 1178 1944 quod
1209 1913 1273 1934 non
1291 1903 1449 1944 displicet
1467 1903 1604 1941 Burm.;

147 1953 182 1978 et
214 1948 361 1988 quinque
392 1949 657 1987 conspicis.—5oo
682 1948 831 1978 Berolin.
849 1957 906 1977 non
929 1949 1152 1987 perseq.—59l
1180 1946 1275 1976 Idem
1299 1947 1405 1976 umbra
1431 1945 1513 1983 suit.
1538 1945 1607 1976 Pro

147 1990 243 2020 tracti
279 1990 384 2020 Gron.
412 1990 507 2030 rapti.
565 1991 755 2030 Utrumque
782 1989 875 2019 verb.
907 1990 938 2019 in
971 1990 1033 2019 liae
1064 1998 1099 2019 re
1123 1988 1411 2020 usitatum—592
1438 1987 1602 2019 Nonnulli

150 2031 215 2062 Cur
240 2035 364 2062 tamen.-
387 2033 441 2062 alii
469 2033 510 2062 Et
530 2036 641 2062 tamen.
665 2032 772 2064 Gron.
811 2042 860 2072 pr.
888 2031 965 2061 bello
996 2031 1197 2061 truculentior
1222 2031 1406 2071 ipsae-593
1435 2032 1605 2069 Quatuor,

153 2074 255 2105 Vicat.
280 2074 319 2104 V.
349 2084 399 2114 pr.
428 2079 461 2104 et
490 2075 680 2105 Genevens.
702 2074 801 2114 operte«
829 2074 927 2104 nostri
950 2075 1093 2112 violator,
1122 2073 1211 2113 quod
1239 2073 1356 2113 placet
1382 2073 1501 2103 Burm.
1530 2072 1610 2113 quia

148 2124 243 2148 sacra
256 2116 355 2156 Troja
380 2126 399 2147 a
422 2117 496 2147 Diis
513 2117 625 2156 posita
649 2122 734 2147 erat.
768 2117 823 2147 Sic
848 2117 962 2147 violare
985 2116 1086 2146 etiam
1111 2116 1209 2156 Virg.
1234 2124 1285 2146 xi.
1302 2117 1484 2146 255.-596
1508 2114 1610 2145 Cant.

146 2159 241 2198 prode
254 2160 385 2198 sagitta,
404 2159 492 2199 quod
509 2159 637 2190 arridet
656 2159 882 2190 Heins.-—597
911 2158 1087 2198 Patruoque
1103 2163 1157 2188 est
1173 2166 1216 2187 ex
1239 2162 1312 2197 opt.
1328 2157 1462 2188 Thuan.
1479 2160 1515 2187 et
1530 2166 1613 2197 qua-

148 2206 226 2232 tuor
250 2201 344 2232 aliis:
384 2202 473 2242 vulg.
502 2202 690 2242 patruique.-
727 2201 886 2232 Heidelb.
916 2201 1016 2232 habet
1055 2200 1334 2240 patrisque—598
1371 2198 1465 2230 Med.
1499 2203 1609 2241 quart.

811 2295 956 2328 NOTAE

151 2380 359 2420 exscribere,
377 2380 467 2421 apud
485 2380 550 2412 vu.
563 2380 752 2421 Gyraldum
768 2380 854 2421 Syn·
951 2382 1015 2411 596
1039 2380 1112 2412 Non
1132 2379 1243 2420 datur]
1272 2379 1361 2413 Quia
1375 2383 1445 2411 tum
1462 2378 1613 2411 Achilles

155 2438 256 2472 tagm.
272 2434 303 2463 7.
320 2432 436 2462 habes.
909 2441 975 2463 non
993 2430 1185 2471 navigabat.

195 2484 258 2513 586
283 2481 422 2521 Fratris]
451 2481 715 2519 Jovis,sci1icet.
953 2484 1014 2512 597
1041 2481 1179 2520 Patrue]
1221 2480 1330 2522 Cycni
1348 2480 1437 2511 enim
1459 2478 1614 2519 Neptuni

196 2535 257 2563 591
301 2532 423 2571 Tracti]
476 2532 570 2571 Bigis
607 2536 794 2572 raptatum,
822 2536 857 2562 et
911 2531 971 2563 filii
1000 2532 1166 2572 patruelis
1198 2531 1263 2562 fnit
1292 2531 1438 2570 Apollo;
1474 2530 1530 2570 qui
1555 2529 1613 2559 irae

154 2581 284 2613 circum
301 2591 414 2612 muros
432 2581 751 2612 ltiacosabAchine
768 2587 856 2612 trac-
912 2580 1089 2622 indulgens
1118 2582 1161 2612 ob
1192 2581 1377 2611 Hectorem
1403 2579 1614 2619 clientesque

156 2637 227 2662 tum
246 2631 431 2662 Hectorem
455 2641 485 2661 nn
510 2631 740 2670 superioribus
756 2632 858 2663 etiam
912 2630 1081 2672 Trojano»
1098 2631 1241 2668 occisos,
1256 2628 1369 2668 patrui
1383 2627 1534 2667 Neptuni
1545 2626 1614 2658 ani-

156 2680 312 2711 vidimus.
913 2691 1004 2713 mum
1035 2690 1170 2722 quoquc
1196 2679 1306 2710 induit
1339 2687 1414 2709 cum
1446 2677 1614 2712 Achillem

198 2732 260 2761 593
308 2730 435 2770 operia]
489 2730 678 2770 Murorum,
723 2731 863 2771 scilicet,
915 2731 1106 2763 ulciscitur.

156 2780 382 2821 Trojanorum
395 2790 404 2819 ;
419 2779 461 2810 de
471 2780 591 2820 quibus
604 2781 664 2813 lib.
676 2781 861 2822 superiore.
959 2786 1021 2815 698
1036 2780 1164 2820 Decius]
1199 2778 1321 2821 Apollo
1335 2791 1344 2820 ;
1358 2790 1458 2822 quem
1470 2781 1568 2812 toties
1580 2779 1613 2818 in
