1831 3023
523 184 994 222 METAMORPHOSEON
1029 187 1126 219 mn.
1157 186 1226 221 x..
1480 180 1594 224 1423

141 284 217 326 Sic
234 285 379 327 vultus
399 284 587 326 moriens
600 282 749 335 jacet3
780 283 823 322 et
842 280 1017 321 defecta
1035 280 1182 334 vigore

140 351 248 406 Ipsa
267 354 349 394 sibi
370 355 439 392 est
450 349 571 391 oneri
591 348 771 400 cervix3
801 347 1068 400 humeroque
1086 346 1314 388 recumbit.
1506 347 1591 390 195

138 417 336 467 Laberis,
358 415 584 465 OEbalide‚
603 414 745 468 prima
764 414 965 455 fraudate
977 414 1176 468 juventa,

137 483 336 526 Phoebus
357 484 416 524 ait
433 496 443 523 :
473 482 687 535 videoque
705 484 842 530 tuum,
864 493 962 522 mea
981 481 1181 531 crimina,
1201 480 1378 522 vulnus.

136 552 206 592 Tu
228 551 350 592 dolor
370 563 434 599 es,
454 549 718 603 facinusque
738 560 896 589 meum.
957 547 1063 589 Mea
1084 548 1265 590 dextera
1281 549 1370 590 leto

138 617 420 659 Inscribenda
439 620 515 657 tuo
535 619 615 656 est.
676 613 772 667 Ego
792 628 890 656 sum
910 616 992 656 tibi
1010 615 1172 656 funeris
1192 619 1359 658 auctor.

134 682 250 734 Quae
270 697 372 724 mea
391 684 523 736 culpa
542 682 724 723 tamen?
755 681 839 723 nisi
861 681 900 722 si
917 681 1089 732 lusisse,
1109 682 1260 723 vocari
1506 682 1591 725 200

136 749 278 804 Culpa
297 752 446 803 potest
463 763 473 790 z
502 749 590 789 nisi
611 748 741 802 culpa
755 751 913 802 potest,
935 752 979 789 et
1000 760 1187 800 amasse,
1207 751 1371 792 vocari.

133 815 279 870 Atque
299 817 465 858 utinam
481 829 565 870 pro
586 820 628 857 te
646 817 801 866 vitam,
823 820 1028 857 tecumve
1047 817 1201 858 liceret

133 882 360 924 Reddere!
391 884 469 925 sed
490 885 694 938 quoniam
713 884 837 925 fatali
857 884 953 936 lege
973 888 1196 936 tenemur3

131 950 311 1003 Semper
330 951 413 991 eris
431 963 620 1001 mecum,
636 951 905 1004 memorique
921 951 1109 992 haerebis
1128 953 1173 992 in
1195 965 1283 993 ore.

130 1015 196 1057 Te
216 1017 325 1071 lyra,
346 1018 477 1071 pulsa
491 1029 639 1065 manu,
663 1023 705 1058 te
727 1017 923 1058 carmina
943 1022 1095 1059 nostra
1115 1019 1336 1060 sonabunt
1353 1033 1362 1060 :

132 1082 327 1137 Flosque
348 1097 494 1125 novus
517 1085 685 1138 scripto
702 1085 887 1138 gemitus
907 1085 1134 1126 imitabere
1153 1089 1343 1128 nostros.

129 1150 329 1204 Tempus
350 1156 394 1192 et
410 1151 519 1192 illud
539 1152 633 1202 erit,
650 1164 736 1205 quo
756 1164 804 1192 se
824 1152 1087 1193 fortissimus
1103 1152 1230 1194 heros

129 1215 278 1259 Addat
298 1219 340 1258 in
360 1218 472 1259 hunc
494 1217 671 1271 florem3
701 1218 896 1272 folioque
914 1218 1078 1271 legatur
1107 1219 1278 1260 eodem.

1499 1019 1526 1059 10

1531 1020 1587 1060 ἓξ

126 1355 233 1386 cervix
247 1355 398 1386 destituta
411 1356 528 1387 viribus
541 1357 606 1396 ipsa
619 1360 662 1387 est
678 1356 738 1387 silei
753 1355 850 1394 oneri,
862 1358 893 1386 et
908 1355 1022 1386 recidit
1036 1355 1069 1385 in
1084 1354 1253 1385 humerum.
1301 1354 1409 1391 Gadis,
1427 1355 1586 1395 OEbalide,

122 1396 247 1436 private
264 1397 369 1437 prima
383 1398 564 1438 juventute,
579 1399 680 1438 inquit
695 1398 818 1437 Apollo,
833 1400 925 1437 utque
947 1398 1069 1427 intueor
1082 1399 1171 1426 tuam
1193 1397 1321 1435 plagam
1347 1405 1446 1426 meum
1458 1397 1585 1429 crimen.

125 1439 172 1470 Tu
183 1448 216 1470 ee
229 1439 316 1470 dolor
330 1442 360 1470 el
372 1439 538 1480 flagitium
561 1450 659 1471 meum
672 1451 682 1470 .-
703 1450 770 1471 mea
787 1448 893 1470 munus
905 1442 949 1469 est
965 1438 1171 1469 insimulanda
1185 1439 1222 1469 de
1237 1440 1337 1468 morte
1351 1441 1406 1468 tua
1416 1448 1426 1468 .·
1449 1448 1504 1478 ego
1519 1449 1586 1470 sum

124 1481 184 1512 tibi
205 1490 295 1512 causa
310 1481 422 1512 obitus.
468 1483 559 1517 Quod
579 1486 682 1513 tamen
706 1486 752 1513 est
778 1491 876 1512 meum
890 1478 1086 1520 flagitium?
1108 1480 1212 1511 nisisi
1225 1483 1325 1520 potest
1340 1480 1403 1511 dici
1416 1480 1585 1521 flagitium

123 1524 252 1559 Ζωσίμη
273 1523 335 1554 nisi
348 1525 375 1554 εἰ
390 1524 484 1555 etiam
496 1527 597 1565 potest
613 1525 677 1555 dici
687 1524 853 1565 flagitium
867 1524 1026 1554 dilexisse.
1070 1522 1173 1563 Atque
1188 1523 1307 1554 utinum
1318 1533 1491 1554 concessum
1506 1528 1584 1555 esset

123 1567 250 1597 reddere
268 1566 362 1597 vitam
375 1576 430 1606 pro
444 1570 486 1605 te,
501 1567 549 1598 vel
561 1571 661 1598 tecum
673 1567 689 1599 Ι
710 1568 763 1598 sed
784 1566 927 1607 quoniam
941 1565 1165 1605 obstringimur
1180 1566 1248 1605 lege
1264 1565 1376 1604 fatali,
1391 1575 1509 1607 semper·
1523 1566 1585 1598 cris

124 1618 248 1648 mecum,
271 1612 363 1649 atque
386 1609 523 1640 manebis
547 1609 582 1640 in
609 1620 661 1641 ore
687 1619 747 1640 non
774 1609 928 1639 oblivioso.
976 1608 1063 1648 Isyra
1088 1611 1174 1638 tacta
1190 1618 1292 1646 manu,
1312 1618 1416 1639 versus
1439 1610 1536 1640 nostri
1553 1613 1584 1640 te

123 1650 290 1682 laudabunt
301 1663 313 1688 ,-
338 1654 367 1680 et
373 1650 438 1690 fios
449 1661 544 1682 novus
557 1651 793 1691 repraesentabz's
805 1651 922 1690 scripto
937 1653 1057 1681 vwstros
1066 1650 1213 1689 gemitus.
1261 1650 1390 1691 Tempus
1402 1651 1495 1682 etiam
1510 1651 1585 1690 erit,

123 1702 179 1733 quo
198 1693 287 1724 heros
311 1693 540 1724 strenuioeimus
565 1703 596 1724 ae
619 1693 747 1732 adjiciat
762 1694 795 1723 in
817 1694 896 1724 hunc
913 1693 1040 1733 florem,
1055 1695 1085 1723 et
1102 1693 1226 1732 legatur
1241 1694 1345 1724 eodem
1359 1693 1453 1731 folio.
1497 1694 1584 1725 Dum

737 1775 974 1788 enooeoaeoooe

122 1828 212 1870 conj.
241 1830 341 1869 vir-gia
355 1830 432 1862 har.
458 1831 674 1871 longia—194
698 1831 807 1869 Unus,
834 1831 890 1862 Sic
914 1831 1055 1867 vultum5
1089 1830 1186 1870 alius,
1210 1830 1321 1861 vultu:
1346 1829 1470 1861 Heius.
1492 1829 1583 1870 conj.

122 1873 209 1904 vultu
223 1873 382 1914 moriente,
403 1878 474 1913 aut,
496 1876 600 1905 cultus
621 1875 753 1905 moriens
770 1874 886 1914 flaccet
905 1873 1011 1914 (quod
1039 1873 1213 1913 proprium
1229 1873 1307 1904 huic
1322 1873 1372 1904 rei
1394 1870 1508 1913 verb.)
1524 1877 1584 1904 aut

122 1919 251 1954 marcet,
269 1921 304 1946 et
322 1921 391 1946 turn
408 1925 511 1957 supra
527 1926 589 1958 pro
603 1917 740 1948 marcida
756 1926 831 1948 esse
845 1915 1076 1957 reponendum
1085 1915 1344 1956 flaccida.—l98
1366 1914 1517 1946 Berolin·
1538 1914 1585 1946 Tu

119 1958 221 1996 pudor
232 1967 274 1988 ea.
282 1960 380 1989 -201
396 1958 556 1990 Heidelb.
570 1963 600 1990 et
615 1961 797 1996 adamum,-
811 1958 898 1990 unde
911 1958 1055 1990 Bothius
1066 1959 1122 1989 nis.
1133 1959 1211 1997 culp.
1227 1962 1289 1998 pot.
1302 1959 1462 1989 adamasse
1477 1967 1583 1988 voc.—

121 2001 186 2030 202
201 2000 352 2031 Berolin.
368 2004 646 2041 tecumque—203
664 2002 765 2041 Vuig.
779 2003 859 2041 quod
875 2011 936 2041 pro
956 2002 1020 2031 sed.
1044 2001 1142 2031 Tunc
1162 2004 1248 2031 vett.
1260 2000 1398 2041 quidam
1422 2001 1481 2038 leg.
1497 2002 1583 2029 veta·

121 2050 200 2082 mr,
215 2043 269 2073 vei
285 2045 428 2080 veeatur;
449 2047 572 2074 tenetur
587 2044 690 2075 etiam
703 2044 880 2075 alib-20⁷
900 2042 944 2074 O.
956 2044 1055 2074 Voss.
1067 2046 1103 2073 et
1116 2042 1252 2083 qnidam
1268 2042 1325 2073 aiii
1343 2042 1469 2080 fortiss.
1486 2040 1581 2080 Ajux.

785 2146 926 2179 NOTAE

167 2230 229 2260 196
262 2227 426 2269 OEbalide]
468 2228 699 2270 Hyacinthum
734 2236 823 2259 com·
877 2225 958 2267 plici
984 2225 1027 2256 de
1058 2224 1267 2265 Hyacintho,
1288 2224 1438 2266 itemque
1461 2223 1581 2266 Ajace,

120 2277 241 2319 pellat,
255 2278 309 2310 cui
336 2278 379 2309 ab
395 2277 532 2310 OEbalia
553 2277 711 2310 Lacouiae
737 2277 822 2309 urbe
876 2276 919 2307 de
933 2285 998 2318 quo
1012 2276 1045 2307 iu
1060 2285 1140 2307 ¹111.
1152 2285 1265 2306 ansam
1279 2274 1440 2315 praebuit.
1462 2275 1581 2306 Testa-

121 2337 242 2360 nomeu
257 2328 340 2360 iliud
360 2328 594 2369 patronymica
608 2327 731 2367 forma,
745 2337 822 2359 eum
876 2330 932 2358 tur
949 2331 1061 2358 autem
1077 2326 1222 2357 Lazarus
1238 2325 1441 2357 Bonamicus
1458 2325 1581 2363 Italus,

123 2377 295 2410 OEbalium
321 2379 439 2409 dicere
469 2378 656 2418 debuisset,
682 2378 821 2410 lieentia
875 2376 918 2408 ad
943 2376 1078 2417 Virgilii
1105 2375 1292 2417 Georgica,
1307 2385 1355 2417 se,
1371 2375 1505 2416 qualem
1522 2375 1580 2406 de-

122 2427 256 2467 poetiea
271 2427 466 2468 assignavit.
875 2426 1030 2458 scribunt
1047 2425 1173 2466 poiitae,
1187 2425 1344 2457 Venetiis
1367 2424 1580 2456 Aiexandria

167 2480 228 2509 19⁹
252 2478 467 2518 lnwribenda]
501 2478 550 2508 Ut
576 2478 693 2509 mortis
719 2487 822 2509 causa
874 2477 1011 2508 allatum
1024 2476 1241 2517 hyacinthum
1251 2475 1390 2506 vidisse:
1407 2480 1442 2505 ut
1453 2474 1579 2505 frustra

121 2527 296 2560 habentur.
874 2526 1040 2568 ejusmodi
1062 2526 1205 2558 inveniri
1220 2524 1337 2557 florem
1355 2525 1411 2556 alii
1434 2532 1577 2564 negave-

164 2580 229 2610 ²00
255 2579 397 2620 Fluque]
418 2579 567 2611 Videtur
588 2587 732 2619 namque
755 2578 822 2619 syl·
875 2580 954 2612 rint.

122 2628 256 2670 hbaci,
271 2639 330 2662 seu
356 2630 552 2671 interjectio
577 2630 736 2670 gemitum
757 2630 822 2670 sig·
915 2632 979 2662 207
1003 2630 1122 2670 Hem]
1147 2628 1286 2670 Ajacem
1312 2626 1396 2658 dicit
1423 2624 1576 2656 Telamo-

122 2678 275 2720 nfficam,
290 2680 323 2710 in
347 2680 531 2721 hyacintho
551 2680 635 2712 flore
661 2681 821 2721 quodam·
874 2681 977 2722 nium,
991 2682 1087 2722 cujus
1102 2688 1224 2711 nomen
1244 2678 1375 2710 duabus
1403 2675 1575 2719 prioribus

122 2728 222 2761 modo
245 2729 423 2771 inscripta:
450 2740 525 2772 quae
546 2740 600 2763 res
624 2729 748 2763 fabule
764 2730 823 2763 du·
873 2731 984 2764 literis
997 2733 1030 2763 ai
1045 2729 1259 2770 iuteliigitur.
