1831 3023
439 625 515 680 P.
574 622 938 681 OVIDII
1006 620 1485 682 NASONIS

331 860 1582 939 METAMORPHOSEON

750 1119 1016 1167 LIBER
1070 1119 1173 1166 Xh

579 1568 693 1609 ΕΑΒ.
726 1567 764 1608 Ι.
823 1567 1011 1621 Serpens
1031 1567 1076 1607 in
1096 1565 1320 1619 Lapidem.

240 1677 429 1715 ΟΗΡΗΕυς,
445 1674 565 1715 OEagri
580 1674 725 1705 fluminis
742 1678 777 1705 et
799 1675 967 1714 Calliopes
982 1675 1091 1705 Musae
1113 1674 1211 1712 filius,
1226 1683 1299 1704 cum
1316 1671 1489 1704 habuisset
1503 1674 1679 1715 conjugem

280 1727 413 1758 nomine
430 1727 635 1766 Eurydicen,
652 1731 686 1756 et
713 1735 786 1756 eam
802 1726 976 1761 amisisset,
999 1731 1033 1755 et
1060 1734 1135 1755 cum
1162 1725 1232 1755 sine
1246 1735 1287 1755 ea
1309 1725 1351 1755 ab
1379 1724 1502 1755 Inferis
1523 1726 1679 1768 redisset,

279 1782 355 1820 lege
371 1784 515 1820 accepta
529 1789 547 1809 a
561 1779 728 1816 Plutone3
753 1788 793 1808 ne
811 1779 911 1809 talem
934 1778 1083 1808 dolorem
1100 1777 1132 1807 in
1150 1777 1257 1807 altera
1275 1777 1501 1817 experiretur,
1518 1778 1681 1818 puerilem

280 1842 423 1864 amorem
442 1832 568 1872 primus
586 1831 744 1861 instituit.
782 1832 889 1863 Quam
902 1830 945 1860 ob
962 1840 1093 1861 causam
1110 1830 1261 1860 Thressa}²
1279 1830 1433 1860 mulieres
1449 1830 1631 1872 instinctae,
1645 1822 1686 1864 in‘

279 1885 403 1917 abditis
419 1885 501 1915 locis
518 1884 732 1914 solitudinem
749 1889 905 1924 agentern
930 1888 1070 1924 propter
1093 1883 1296 1913 desiderium
1319 1884 1481 1924 conjugis,
1500 1883 1679 1916 interfece-

279 1943 380 1976 runt3
405 1944 663 1978 separatumque
689 1942 794 1977 caput
819 1937 893 1977 ejus
921 1946 940 1967 a
970 1936 1098 1976 reliquo
1125 1945 1266 1975 corpore
1288 1945 1360 1966 cum
1391 1936 1464 1975 lyra
1491 1936 1524 1966 in
1547 1946 1677 1968 amnem

279 1991 434 2022 Hebrum
451 1990 772 2030 praecipitaverunt:
798 1999 860 2029 per
872 1999 969 2030 quem
987 1989 1020 2019 in
1036 1997 1127 2019 mare
1151 1988 1312 2025 delatum,
1339 1993 1374 2018 et
1395 1989 1471 2019 hinc
1486 1989 1519 2018 in
1535 1989 1676 2020 insulam

277 2043 444 2074 Lesbum:
471 2052 546 2074 cum
561 2042 613 2072 hie
626 2042 778 2072 haesisset
794 2042 827 2071 in
848 2042 974 2081 littore,
993 2049 1197 2081 serpensque
1214 2049 1324 2070 morsu
1342 2040 1535 2079 sanguinem
1552 2041 1675 2072 lambe-

278 2099 342 2135 ret,
354 2096 546 2135 priusquam
567 2095 675 2126 vulms
693 2096 762 2135 ejus
777 2099 968 2135 appeteret,
989 2094 1029 2125 ab
1043 2093 1202 2133 Apolline
1218 2092 1313 2124 Jovis
1329 2097 1364 2123 et
1379 2093 1515 2124 Latonae
1532 2092 1599 2124 filio
1617 2093 1674 2124 du-

277 2152 368 2179 ratus
383 2148 417 2178 in
432 2147 577 2188 lapidem
594 2152 656 2178 est.

234 2230 490 2288 CARMINE
512 2248 614 2288 dum
634 2247 709 2288 tali
731 2248 891 2300 sylvas,
913 2247 1167 2300 animosque
1187 2246 1372 2286 ferarum

234 2313 465 2355 Threicius
489 2320 623 2363 vates,
642 2319 686 2353 et
705 2327 814 2353 saxa
832 2315 1052 2366 sequentia
1073 2314 1218 2364 ducit3

275 2437 300 2459 1.
323 2428 408 2459 Dum
424 2428 522 2459 Po'e‘ta
541 2420 686 2458 Thracius
702 2427 799 2457 trahit
815 2426 959 2465 ejusmodi
975 2428 1108 2458 carmine
1124 2437 1257 2468 nemora,
1280 2431 1370 2468 atque
1378 2427 1576 2466 ferocitatem
1602 2428 1671 2458 bru-

836 2511 1064 2523 eneoeonuo·

275 2568 291 2595 1
317 2565 401 2595 Exc.
419 2566 594 2602 Langen-m.
616 2565 848 2603 sylvasque—2
871 2565 968 2595 Voss.
984 2565 1074 2603 signa
1086 2576 1144 2605 seq.
1170 2566 1209 2596 In
1233 2575 1298 2596 uno
1317 2565 1411 2596 Med.
1426 2577 1492 2597 sax.
1507 2567 1671 2602 sonantia,-

231 2607 265 2638 in
277 2607 539 2647 aliosrequentia.
583 2606 650 2637 Alii
667 2607 767 2637 etiam
786 2606 894 2636 Codd.
910 2607 1011 2637 traxit
1025 2609 1075 2638 vol
1091 2609 1203 2639 duxit.-
1228 2609 1376 2639 Berolin.
1399 2609 1513 2650 ductit,
1525 2609 1668 2640 Bothius

881 2704 911 2735 N
918 2704 1017 2735 OTAE

229 2779 249 2808 2
279 2777 386 2818 Vates]
418 2777 586 2820 Orpheus,
603 2778 743 2819 scilicet,
766 2789 865 2820 quem
877 2779 1023 2811 Thracia
1038 2780 1214 2812 oriundum
1233 2780 1318 2813 libro
1330 2780 1502 2822 superiore
1512 2780 1666 2812 vidimus.
