1831 3023
242 236 355 278 1252

735 249 777 278 Ρ.
808 248 966 278 ovmll
998 247 1212 279 NASONIS

241 340 480 382 Promissis
503 339 728 395 Anaphen,
747 355 880 395 regna.
897 342 1156 397 Astypaleia
1173 342 1312 383 bello:

242 407 362 449 Hinc
382 409 587 449 humilem
607 408 846 462 Myconon,
867 413 1126 462 cretosaque
1146 422 1246 450 rura
1267 408 1443 458 Cimoli,

244 474 580 529 Florentemque
603 476 818 528 Cythnon,
842 476 1027 528 Scyron,
1047 477 1311 530 planamque
1331 476 1558 529 Seriphon,

243 541 294 582 M
298 555 618 595 armoreamque
640 542 798 589 Paron,
821 555 993 594 quaque
1013 543 1152 595 impia
1166 544 1360 597 prodidit
1381 556 1524 584 arcem

1609 544 1698 585 465

245 609 438 650 Sithonis
462 611 660 660 accepto,
683 607 802 659 quod
823 620 958 647 avara
974 616 1251 660 poposcerat,
1271 624 1392 651 auro.

244 674 419 715 Mutata
441 680 509 715 est
528 676 571 715 in
590 687 727 722 avem,
749 686 847 726 quae
868 686 982 713 nunc
1005 687 1181 728 quoque
1201 677 1340 730 diligit
1361 691 1512 718 aurum
1530 691 1541 729 ;

244 740 385 793 Nigra
402 741 559 795 pedem
576 754 586 793 ;
618 739 750 793 nigris
772 739 916 781 velata
935 740 1169 782 monedula
1189 744 1362 795 pennis.

493 941 612 982 FAB.
645 940 840 984 XXVI.
909 943 1126 984 Formicae
1147 944 1193 984 in
1216 943 1450 986 Homines.

243 1049 372 1079 AEACts
390 1049 486 1080 Jovis
503 1054 538 1081 et
554 1050 684 1091 AEginae
704 1050 793 1083 filius
821 1062 896 1083 cnm
924 1051 1111 1093 Asopidem
1132 1053 1274 1083 insulam
1293 1053 1447 1094 conjugis
1460 1053 1593 1084 nomine
1608 1053 1700 1085 inco-

285 1103 429 1142 leret‚et
445 1103 540 1143 gravi
557 1104 765 1145 pestilentia,
780 1106 924 1138 Junonis
940 1106 1002 1146 ira,
1017 1107 1177 1146 populum
1204 1106 1385 1144 amisisset,
1412 1106 1568 1146 precibus
1585 1111 1622 1137 et
1638 1108 1700 1138 mi·

286 1156 472 1187 seriem-dia
493 1167 511 1187 a
533 1157 619 1189 Jove
645 1159 855 1199 impetravit,
871 1165 921 1199 ut,
937 1164 1070 1190 vastata
1087 1160 1208 1196 insula,
1225 1163 1307 1200 quot
1327 1159 1474 1190 formicae
1491 1159 1525 1189 in
1542 1168 1583 1189 ea
1597 1168 1702 1199 appa-

285 1209 448 1250 ruissent,
466 1215 517 1241 tot
539 1220 646 1243 versae
672 1213 705 1242 in
731 1213 902 1244 hominum
929 1212 1034 1244 facies
1063 1212 1293 1243 desideratam
1317 1211 1570 1243 multitudinem
1583 1212 1700 1252 exple-

286 1266 373 1294 rent.
404 1263 526 1304 Neque
542 1264 724 1303 immerito,
740 1265 904 1307 siquidem
922 1275 964 1296 ex
977 1265 1168 1306 hujusmodi
1186 1265 1385 1296 animalibus
1401 1270 1593 1304 creverant,
1609 1265 1701 1305 Myr-

285 1314 440 1347 midones
467 1322 546 1348 sunt
574 1319 752 1358 appellati.
798 1319 964 1350 Formicae
993 1319 1081 1350 enim
1110 1319 1234 1351 Graece
1262 1318 1444 1360 myrmices
1474 1318 1700 1360 appellantur.

286 1368 395 1400 Porro
409 1373 523 1400 autem
534 1380 650 1402 sensus
666 1372 725 1402 hos
739 1372 888 1413 Cephalo
902 1373 1092 1404 sciscitanti
1109 1376 1227 1403 narrat
1241 1373 1373 1403 AEacus.

245 1455 336 1512 AT
358 1484 447 1513 non
470 1472 657 1523 Oliaros,
680 1473 988 1528 Didymaeque,
1009 1477 1052 1515 et
1068 1474 1230 1524 Tenos,
1249 1480 1292 1516 et
1307 1473 1498 1525 Andros,

242 1602 323 1641 phen
347 1604 377 1632 et
393 1611 491 1641 regna
505 1602 701 1643 Astypaleia,
724 1603 875 1643 Anaphen
897 1604 1053 1643 pollicitis,
1067 1614 1162 1643 regna
1179 1603 1357 1644 Astypaleia
1373 1603 1449 1634 bello
1460 1614 1470 1634 .-
1492 1603 1563 1634 hinc
1575 1613 1705 1644 parram

246 1644 415 1685 lMyconmz,
437 1648 467 1675 et
493 1643 613 1685 oampos
637 1649 768 1675 cretosus
788 1646 911 1683 Cimoli,
936 1650 965 1676 et
980 1648 1094 1676 claram
1110 1646 1266 1686 Cyfflnon,
1282 1645 1412 1686 Scyron,
1427 1650 1457 1677 et
1473 1646 1625 1686 Seriphon
1638 1648 1705 1686 pla-

245 1696 328 1725 nam,
343 1690 372 1716 et
389 1687 497 1717 Paron
512 1697 725 1725 marmoream,
750 1691 779 1717 et
803 1697 861 1726 qua
889 1688 984 1726 impia
1014 1688 1155 1718 Sithonis
1177 1688 1318 1726 prodidit
1341 1698 1454 1726 arcem,
1476 1697 1550 1718 auro
1573 1689 1706 1727 sublato,

245 1730 323 1767 quod
340 1738 435 1759 avara
451 1729 635 1768 expetierat.
685 1729 782 1759 Versa
796 1732 838 1759 est
856 1730 889 1760 in
902 1739 1001 1769 atem,
1013 1740 1081 1770 quae
1100 1730 1267 1760 etiamnum
1281 1732 1365 1760 amat
1379 1740 1490 1760 aarum
1502 1739 1513 1765 ;
1535 1733 1605 1760 atra
1615 1730 1705 1770 pedi·

246 1770 314 1807 bus,
329 1771 489 1801 monedula
505 1774 587 1801 tecta
598 1771 678 1801 atris
690 1772 812 1811 pennis.

289 1820 392 1845 xxvt.
415 1813 460 1844 At
476 1823 535 1844 non
555 1813 690 1853 Oliaros,
706 1817 735 1845 et
750 1814 914 1855 Didymae,
928 1817 959 1846 et
980 1815 1085 1854 Tenos,
1108 1818 1139 1846 et
1154 1813 1289 1855 Andros,
1312 1817 1342 1845 et
1363 1814 1498 1856 Gyaros,
1523 1817 1554 1846 et
1569 1814 1706 1856 Pepare-

858 1899 1091 1911 eeeeeeeeeee

248 1950 343 1982 lllius
360 1952 448 1983 enim
465 1953 608 1984 nominis
630 1953 737 1984 insula
754 1953 844 1984 nulla
860 1953 893 1983 in
912 1952 1154 1993 Archipelago.
1174 1954 1232 1983 Vs.
1253 1962 1322 1993 seq.
1340 1951 1523 1983 delendum
1539 1951 1705 1984 censebat

248 1993 338 2024 Mar.
355 1993 499 2025 Accurs.
517 2001 552 2026 et
569 1996 665 2026 deest
683 1996 715 2026 in
743 1996 857 2026 multis
882 1996 1074 2026 nisa—463
1100 1995 1164 2025 Alii
1182 1995 1335 2025 scribunt
1352 1995 1516 2035 Mycenen,
1529 1995 1705 2034 Myconem,

248 2035 437 2075 Myconum;
461 2041 496 2067 et
512 2037 647 2078 quidam
664 2047 729 2068 rur.
759 2039 996 2078 Tymoli.-464
1019 2038 1087 2067 Pro
1106 2038 1131 2066 C
1133 2037 1261 2077 ythnon,
1275 2037 1332 2067 alii
1347 2036 1497 2076 Siphnon,
1515 2037 1568 2066 vel
1589 2037 1703 2077 Tyron,

248 2078 303 2107 vel
330 2077 440 2118 Syron.
485 2080 555 2110 Pro
580 2080 698 2119 Scyron
720 2081 871 2111 scribunt
900 2081 1034 2119 Cypron,
1059 2079 1112 2109 vel
1140 2080 1259 2119 Gyron.
1295 2079 1484 2118 plenamque
1510 2082 1562 2109 est
1586 2078 1621 2109 in
1637 2088 1704 2110 uno

248 2119 450 2152 Lem—465
486 2121 556 2152 Alii
587 2123 674 2163 prod.
708 2122 936 2153 Arum—468
972 2121 1134 2152 Nonnulli
1159 2122 1248 2162 conj.
1289 2120 1399 2151 Rubra
1432 2121 1502 2160 ped.
1540 2120 1704 2159 Heidelb,

907 2224 1048 2258 NOTAE

288 2302 350 2332 463
369 2300 536 2341 Myconon]
564 2302 626 2332 Est
640 2302 788 2343 Mycone
800 2311 858 2333 seu
872 2302 949 2343 My-

246 2361 352 2383 conus
363 2351 468 2392 AEgaei
478 2352 598 2392 insula,
609 2362 674 2384 una
686 2363 726 2383 ex
736 2352 949 2394 Cycladibus.

1044 2305 1107 2333 466
1119 2301 1276 2341 Sithonis]
1291 2300 1435 2333 Thracia
1448 2301 1559 2344 aliqua
1571 2301 1702 2344 mulier,

1003 2362 1023 2383 a
1040 2352 1195 2383 Sithonia
1208 2352 1360 2383 Thraciae
1381 2356 1489 2392 parte.

253 2437 256 2440 ⁴
292 2402 420 2442 Cimoli]
459 2402 545 2436 Quae
566 2403 673 2434 insula
695 2404 796 2434 estin
813 2403 948 2435 Cretico

246 2452 332 2484 mari
347 2453 437 2483 inter
450 2453 630 2492 Sporadas.

289 2504 353 2533 464
399 2503 556 2543 Cythnon]
605 2503 690 2534 Haec
727 2513 803 2534 cum
841 2504 948 2535 tribus

248 2553 469 2593 sequentibus
508 2553 595 2584 inter
626 2553 795 2594 Cycladas
833 2563 948 2585 recen-

248 2606 353 2634 setur.

291 2655 353 2683 465
380 2653 521 2694 Quaque]
560 2654 667 2684 Locus
682 2654 736 2684 hic
755 2654 872 2693 procul
889 2654 946 2684 du-

249 2700 303 2733 bio
315 2708 509 2743 corruptus,
522 2703 576 2734 cui
591 2702 800 2734 salutiferam
814 2713 948 2734 manum

248 2751 429 2783 admovere
466 2752 510 2783 ob
544 2751 670 2784 fabulae
705 2752 949 2785 obscuritatem

249 2810 386 2842 prorsus
396 2801 545 2835 difficile.

1044 2405 1106 2433 467
1131 2402 1275 2442 Mutata]
1302 2402 1408 2433 Vides
1431 2403 1542 2434 locum
1564 2412 1702 2445 eorrup-

1002 2458 1074 2484 tum
1091 2463 1178 2492 esse,
1203 2462 1268 2483 nec
1293 2452 1375 2483 satis
1395 2453 1468 2484 haec
1483 2453 1572 2491 inter
1588 2462 1624 2484 se
1648 2463 1704 2485 co·

1002 2502 1143 2534 haerere.

1046 2556 1108 2584 468
1144 2553 1264 2592 Nigra]
1306 2553 1430 2584 Rubris
1458 2552 1600 2593 pedibus
1629 2562 1706 2586 esse

1003 2604 1212 2643 monedulas,
1237 2603 1355 2644 quibus
1381 2608 1526 2635 monetae
1549 2613 1642 2635 amor
1669 2609 1706 2637 et

1002 2651 1166 2684 furacitas
1201 2663 1321 2685 nomen
1357 2653 1466 2695 dedit,
1493 2654 1706 2695 scripserunt

1003 2704 1073 2734 alii.

1045 2756 1110 2784 469
1140 2754 1279 2797 Oliaros]
1317 2754 1405 2787 Sunt
1432 2755 1486 2788 hae
1516 2763 1630 2787 omnes
1662 2763 1705 2786 ex

1005 2803 1221 2844 Cycladibus.
