1831 3023
376 611 451 667 P.
502 609 875 668 OVIDII
945 612 1431 672 NASONIS

272 823 1532 906 METAMORPHOSEON

667 1033 928 1098 LIBER
984 1050 1141 1097 xm.

332 1442 450 1484 FAB.
484 1442 522 1484 I.
582 1441 739 1496 Ajacis
761 1440 899 1483 Cruor
921 1441 966 1482 in
991 1441 1162 1482 Florem
1185 1455 1471 1494 purpureum.

169 1551 334 1583 Aemus
358 1551 400 1582 ab
417 1550 615 1582 Alexandro
640 1551 768 1587 occiso,
792 1560 886 1581 arma
904 1559 978 1581 cum
1004 1554 1206 1590 peterentur
1223 1550 1264 1580 ab
1282 1549 1404 1590 Ajace,
1419 1551 1498 1591 qnia
1525 1549 1631 1579 fram·

209 1605 376 1645 patruelis
403 1609 504 1643 esset,
521 1610 555 1635 et
581 1604 695 1643 Ulixe,
719 1603 775 1644 qui
804 1613 838 1634 se
864 1603 1006 1634 consilio
1035 1603 1202 1643 potiorem
1233 1612 1272 1634 ac
1289 1603 1414 1634 virtute
1434 1603 1628 1642 judicaret:

210 1657 340 1697 placuit
357 1657 579 1698 principibus,
594 1661 630 1686 ut
648 1657 822 1696 utriusque
849 1660 945 1695 gesta
958 1665 1041 1695 erga
1068 1655 1312 1695 rempublicam
1330 1656 1361 1686 in
1380 1655 1470 1687 bello
1486 1665 1630 1696 perpen-

212 1709 389 1748 derentm,
405 1715 439 1740 et
457 1710 600 1750 digniori
619 1710 827 1749 propositum
843 1708 1019 1749 praemium
1032 1718 1107 1739 cum
1121 1718 1223 1739 cansa
1238 1709 1280 1739 ab
1298 1709 1457 1739 universo
1473 1709 1630 1739 exercitu

212 1762 431 1793 tribueretur.
478 1763 561 1793 Cum
580 1763 693 1803 itaque
711 1763 744 1792 in
762 1767 948 1802 conspectu
966 1761 1113 1792 omnium
1127 1761 1216 1802 Ajax
1246 1762 1389 1792 virtutes
1405 1771 1495 1799 snas,
1509 1761 1630 1801 quibus

212 1815 354 1847 Graecos
372 1815 532 1854 juvisset,
549 1815 733 1852 retulisset,
749 1820 784 1846 ct
801 1815 918 1845 Ulixes
936 1814 1075 1845 consilia
1092 1824 1166 1853 sua,
1182 1814 1302 1855 quibus
1319 1823 1528 1844 communem
1547 1823 1630 1844 reni-

211 1868 554 1909 publicamjnvisset,
570 1867 674 1899 duces
698 1876 831 1908 quoque
859 1867 1078 1905 adduxisse13
1102 1867 1280 1898 novissime
1309 1867 1440 1907 signum
1464 1866 1628 1897 Minervae

209 1920 327 1960 fatale,
345 1922 434 1962 quod
454 1922 510 1952 ille
528 1921 734 1960 sustulisset,
749 1921 908 1952 ostendit.
955 1922 1032 1954 Quo
1050 1921 1146 1952 Graii
1163 1921 1259 1960 moti,
1281 1930 1356 1951 cum
1373 1925 1451 1951 ante
1473 1919 1628 1950 oratione

210 1975 363 2015 ejusdem
383 1975 530 2015 perculsi
547 1980 741 2014 stuperent,
760 1975 801 2004 al)
819 1974 922 2015 Ajace
941 1983 1032 2004 arma
1057 1974 1251 2014 abjudicata
1268 1978 1359 2012 sunt,
1376 1979 1411 2004 et
1429 1973 1521 2004 Ulixi
1538 1972 1629 2004 data.

211 2028 289 2059 Qua
306 2028 362 2057 illc
379 2027 586 2058 contumelia
614 2037 779 2057 accensus
806 2027 960 2058 incubuit
986 2028 1074 2065 cnsi;
1099 2037 1142 2058 ex
1168 2027 1264 2067 cujus
1291 2036 1411 2058 cruore
1428 2025 1488 2057 flos
1505 2035 1630 2068 purpu-

209 2089 298 2119 reus,
314 2080 430 2110 similis
448 2080 636 2120 hyacinthi,
654 2085 752 2111 natus
770 2086 834 2112 est.

168 2164 494 2223 CONSEDERE
515 2183 674 2224 ducos:
708 2187 766 2232 et,
786 2184 907 2235 vulgi
929 2187 1070 2225 stante
1091 2195 1273 2231 corona,

167 2249 317 2301 Surgit
337 2249 392 2289 ad
413 2250 494 2290 hos
516 2251 661 2304 clypei
681 2250 884 2291 dominus
905 2250 1202 2304 septemplicis
1224 2248 1362 2303 Ajux.

215 2380 239 2402 1.
262 2372 366 2402 Duces
378 2372 579 2401 consederunt
591 2381 599 2400 .·
622 2373 725 2411 atque,
738 2371 936 2406 multitudine
946 2371 1061 2402 circum
1071 2374 1187 2412 stante,
1200 2371 1284 2412 Ajux
1299 2370 1439 2401 dominus
1449 2370 1546 2410 clypei
1562 2380 1627 2409 scp-

825 2473 969 2505 NOTAE

208 2552 229 2580 2
253 2549 481 2588 Sepecmpficis]
515 2550 563 2579 lix
593 2555 767 2581 taurorum
793 2560 867 2591 sep·
921 2560 1021 2591 quam
1053 2554 1167 2580 autern
1199 2547 1365 2585 bellicosi,
1391 2545 1496 2585 magis
1525 2554 1624 2585 quain

166 2603 235 2631 tem
253 2599 445 2639 tergoribus
460 2598 556 2629 facti.
922 2601 1114 2641 eloquentis
1125 2599 1384 2639 *linimen-sonam
1396 2601 1512 2627 tuetur
1525 2595 1627 2635 Ajax,

210 2648 313 2687 Aias]
345 2650 571 2688 Telamonius,
605 2650 748 2690 scilicet,
771 2651 867 2682 horno
922 2649 1052 2682 cavesis
1077 2649 1153 2679 ideo
1178 2646 1383 2678 inconditam
1409 2646 1479 2685 ojus
1502 2645 1624 2676 oratio-

168 2699 467 2740 vehemcn=,qucn1
480 2700 622 2740 primum
634 2710 767 2732 causam
776 2711 868 2732 suam
923 2711 1012 2739 neni,
1026 2705 1063 2730 ut
1081 2697 1214 2739 qnidam
1230 2696 1386 2727 arbitrati
1404 2700 1496 2734 sunt,
1512 2695 1623 2726 animo

166 2749 284 2782 dicere
297 2748 448 2791 prudens
467 2749 572 2781 voluit
591 2750 710 2783 Poeta.
757 2752 870 2785 Quan-
924 2748 1165 2793 proesumseris.
1196 2746 1287 2778 Vicit
1303 2746 1471 2788 equidem,
1484 2755 1547 2778 uec
1563 2745 1623 2778 im-
