1831 3023
513 221 985 256 METAMORPHOSEON
1019 223 1117 254 Lm.
1149 225 1223 255 lx.

1480 215 1596 258 1395

142 320 332 376 Quoque
353 320 570 363 Chimaera
580 317 689 371 jugo
707 315 864 358 mediis
883 316 928 357 in
948 316 1146 370 partibus
1166 317 1325 370 ignem,

141 389 307 430 Pectus
326 392 369 430 et
387 400 465 429 ora
482 387 578 435 leae,
600 384 788 426 caudam
809 385 1020 439 serpentis
1039 384 1246 426 habebat.

142 455 362 498 Deficiunt
380 453 543 508 sylvae:
574 463 677 493 cum
698 454 745 492 tu
762 451 930 493 lassata
950 451 1171 505 sequendo

143 521 371 573 Procidis;
401 523 458 571 et,
478 520 586 561 dura
605 519 768 573 positis
789 520 944 560 tellure
967 519 1155 574 capillis,

142 589 290 643 Bybli,
310 593 458 639 taces3
488 586 749 640 frondesque
770 591 846 628 tuo
869 588 1032 640 premis
1054 600 1127 628 ore
1149 587 1358 629 caducas.

1513 587 1599 629 650

145 656 278 711 Saepe
296 657 427 697 etiam
448 654 673 708 Nymphae
695 655 855 695 teneris
877 654 1134 707 Lelegeides
1155 656 1270 696 ulnis

143 723 318 765 Tollere
339 726 574 764 conantur:
606 733 744 774 saepe,
770 725 820 762 ut
839 721 1088 763 moderetur
1109 723 1260 773 amori,

144 789 441 843 Praecipiunt;
471 789 708 842 surdaeque
731 788 936 830 adhibent
957 789 1115 830 solatia
1135 791 1282 831 menti.

144 857 271 899 Muta
282 857 428 910 jacet:
459 856 710 910 viridesque
731 857 823 897 suis
845 857 943 897 terit
965 857 1185 910 unguibus
1205 858 1361 898 herbas

145 924 327 978 Byblis:
357 928 400 965 et
420 925 637 966 humectat
657 925 950 979 lacrymarum
972 925 1164 976 gramina
1184 925 1291 966 rivo.

1521 924 1607 966 655

145 991 322 1034 Naidas
340 991 410 1033 his
429 1004 602 1041 venam,
624 1004 724 1046 quae
746 1004 966 1044 nunquam
983 1003 1178 1031 arescere
1199 995 1365 1044 posset,

146 1059 448 1114 Supposuisse
467 1058 622 1101 ferunt.

686 1057 807 1109 Quid
827 1058 943 1098 enim
964 1057 1068 1098 dare
1090 1058 1234 1113 majus
1255 1057 1476 1100 habebant
1490 1059 1510 1098 ‘i

146 1202 175 1230 et
191 1199 355 1240 Lymiren,
382 1201 411 1230 et
439 1208 536 1238 aquas
561 1197 699 1235 Xanthi,
721 1199 751 1228 et
774 1199 908 1228 montem
935 1206 994 1236 quo
1010 1196 1167 1228 Chimoera
1191 1197 1320 1229 habebat
1336 1198 1440 1237 ignem
1455 1198 1488 1230 in
1501 1199 1612 1229 mediis

145 1243 299 1282 partibus,
312 1245 419 1281 pectus
432 1245 461 1272 et
478 1241 595 1271 tultum
611 1241 727 1279 leaeuoe,
744 1244 780 1270 et
794 1240 923 1271 caudam
946 1240 1098 1272 draconis.
1136 1240 1275 1271 Nemora
1291 1246 1325 1272 te
1342 1242 1526 1278 destituunt,
1541 1251 1610 1274 cum

146 1284 265 1323 defessa
279 1285 429 1324 sequendo
443 1284 540 1319 cadis,
557 1283 664 1324 Bybli,
687 1286 779 1322 atque
805 1282 998 1321 obmutescis,
1023 1282 1160 1313 crisibus
1175 1283 1318 1313 demissis
1332 1283 1365 1313 in
1381 1286 1465 1314 terra
1480 1283 1584 1322 rig-ida
1598 1294 1608 1319 ,-

147 1331 240 1368 atque
254 1337 347 1364 urges
369 1330 422 1357 tuo
441 1336 493 1356 ore
507 1325 588 1363 solia
603 1325 757 1363 jacentia.
803 1325 893 1364 Saepe
908 1324 1004 1354 etiam
1020 1324 1174 1364 Nympha>
1188 1324 1369 1362 Lelegeides
1383 1325 1528 1355 nituntur·
1551 1325 1611 1356 eri-

147 1379 221 1406 gere
236 1369 375 1400 moltibus
389 1369 541 1398 brachiis:
564 1377 645 1407 ,ηερε
660 1368 825 1397 hortantur
839 1369 873 1396 ut
891 1366 1012 1396 minuat
1026 1375 1172 1402 amorem,
1194 1369 1224 1396 et
1239 1366 1378 1405 praebent
1391 1367 1503 1398 solatia
1518 1369 1611 1397 surdo

148 1411 262 1442 animo.
308 1412 401 1441 Muta
427 1410 541 1450 Byblis
566 1412 726 1449 prostrata
752 1411 809 1447 est,
833 1411 923 1447 atque
945 1407 1034 1438 vellit
1055 1408 1189 1438 virentia
1202 1408 1349 1447 gramina
1361 1409 1425 1439 suis
1439 1408 1613 1448 unguibus.-

148 1456 238 1493 atqroe
252 1462 287 1483 ea
301 1453 417 1490 irrigat
432 1454 569 1482 torrente
582 1452 802 1492 lacrymarum.
847 1449 968 1481 Dicunt
985 1449 1126 1480 Naiaaes
1143 1449 1192 1480 his
1215 1450 1376 1489 subjecisse
1404 1460 1521 1492 venam,
1544 1461 1613 1492 quoe

148 1498 409 1537 nunquamposset
424 1494 585 1526 exsiccari.
633 1493 719 1528 Quid
743 1493 823 1524 enim
853 1491 1003 1523 habebant
1026 1489 1151 1532 majus?
1197 1493 1362 1533 Continuo,
1391 1494 1485 1525 sicuti
1510 1497 1612 1534 guttae

760 1587 997 1600 eeeeeeeeeee

150 1656 213 1685 648
236 1654 304 1685 Ms.
319 1654 452 1685 Bersm.
483 1654 648 1685 Desistunt
671 1654 748 1694 sylv.
773 1653 864 1686 unde
891 1653 949 1685 ille
976 1654 1064 1694 conj.
1098 1653 1408 1685 Destituant—649
1430 1653 1551 1685 Heius.
1571 1662 1614 1685 ex

152 1697 196 1728 0.
223 1696 320 1727 dedit
347 1697 509 1732 procidis,-
544 1697 634 1736 vulg.
662 1696 848 1734 Concidis;
880 1705 930 1737 pr.
959 1695 1065 1728 Gron.
1094 1696 1332 1727 lucidis.—650
1359 1696 1453 1727 Taces
1479 1705 1522 1727 ex
1548 1705 1614 1727 uno

156 1738 248 1770 Med.
263 1738 379 1769 Heius.
403 1739 534 1779 recepit
551 1748 612 1778 pro
626 1739 715 1779 vulg.
723 1738 835 1776 jacen
858 1747 934 1769 nam
950 1747 1028 1769 mox
1043 1738 1197 1779 sequitur
1211 1737 1414 1776 jacet—651
1439 1737 1508 1768 Alii
1530 1737 1616 1778 Soep.

152 1781 258 1811 illam:
287 1781 381 1811 etiam
397 1785 450 1811 est
466 1790 507 1811 ex
524 1781 634 1811 Codd.
651 1780 768 1811 multis
794 1783 988 1811 νειμ-652
1011 1780 1112 1820 Vulg.
1140 1783 1175 1810 ut
1196 1781 1354 1810 medeatur
1366 1790 1427 1811 am.
1444 1781 1615 1810 mederetur

154 1823 252 1860 multi
278 1827 410 1853 veteres
441 1829 560 1853 contra
586 1828 751 1853 metrum:
790 1822 850 1854 sed
878 1824 1053 1854 moderetur
1079 1832 1131 1863 pr.
1170 1822 1245 1853 Pal.
1272 1832 1323 1861 pr.
1349 1823 1390 1853 V.
1415 1823 1514 1854 Cant.
1533 1827 1613 1853 tert.

153 1865 250 1897 Med.
274 1866 317 1896 ().
335 1874 384 1906 pr.
405 1865 591 1905 Hamburg.
619 1870 655 1896 et
681 1865 740 1896 alii
767 1865 1079 1907 complures—653
1103 1865 1172 1896 Pro
1195 1865 1480 1905 mlhibent,dabant
1508 1865 1616 1896 Gron.

155 1908 273 1938 addunt
289 1907 469 1938 dua—«354
497 1908 564 1937 Pro
583 1908 680 1946 jacet,
706 1908 838 1938 Bonon.
856 1913 891 1939 et
916 1907 1010 1938 Med.
1036 1910 1128 1946 tacet,
1145 1913 1182 1938 ut
1210 1916 1244 1938 x.
1263 1910 1336 1939 389.
1386 1909 1394 1924 ‘
1413 1908 1514 1938 Muta
1535 1908 1612 1938 silet

159 1949 381 1991 ἦνέκ-654
410 1949 495 1981 Terie
513 1959 554 1981 ex
571 1955 719 1991 quatuor
734 1954 819 1982 vett.
846 1950 966 1982 Heius.
995 1949 1093 1981 dedit
1108 1959 1170 1990 pro
1187 1951 1276 1990 vulg.
1292 1953 1490 1982 tenet—655
1515 1950 1619 1981 Bero-

812 2056 953 2088 NOTAE

199 2133 264 2164 6⁴6
302 2131 474 2171 chimera]
512 2132 612 2163 Mons
643 2130 707 2163 fuit
745 2132 859 2172 Lyciae

157 2181 357 2223 ignivomus,
375 2181 408 2212 in
422 2181 516 2222 cujus
533 2181 710 2212 cacumine
733 2181 862 2221 leones,

158 2232 192 2263 in
209 2230 331 2268 medio,
347 2230 404 2262 ubi
421 2241 557 2272 pascua,
582 2242 708 2273 caprae,
723 2232 756 2264 in
770 2232 861 2264 radi-

159 2281 257 2314 cibus
295 2287 471 2322 serpentes
506 2280 702 2323 frequentes
739 2288 860 2314 erant:

160 2331 249 2363 unde
266 2331 359 2362 locus
375 2331 474 2362 datus
491 2329 626 2362 fabula’.

201 2385 262 2414 661
301 2382 492 2422 Lelegeides]
526 2383 613 2415 Quae
640 2383 674 2414 in
698 2383 861 2426 Lelegum

162 2436 253 2464 terra
268 2432 480 2464 habitabant.

204 2485 266 2514 653
282 2483 410 2522 διανάει]
427 2483 511 2515 Quis
528 2492 608 2513 vero
624 2483 735 2515 animo
752 2494 864 2516 amore

165 2541 257 2572 egro
288 2524 393 2573 possit
419 2534 636 2563 succurrere?
672 2534 865 2575 Perpende,

165 2591 289 2623 queso,
306 2583 442 2621 Lector,
460 2593 535 2613 uum
560 2583 592 2613 in
619 2588 651 2614 te
670 2584 736 2615 suis
753 2585 867 2617 limiti-

166 2631 227 2662 bu·
239 2631 415 2663 definitum
430 2634 621 2673 appetitum
633 2634 770 2675 habeas,
780 2645 865 2667 anne

167 2681 257 2723 quod
282 2680 449 2713 infinitum
474 2688 526 2714 eat
553 2684 715 2724 requiras.
762 2685 867 2717 Modo

167 2739 221 2770 ne,
248 2732 337 2772 quod
367 2732 603 2764 stultissimum
631 2733 772 2775 fateare,
804 2735 867 2767 tibi

168 2783 232 2824 ipsi
253 2792 343 2815 ames
358 2784 546 2826 imponere,
561 2786 632 2818 scio
646 2787 734 2828 quod
756 2791 869 2829 poste-

913 2132 985 2163 rius
1010 2130 1205 2163 affirmabis.
1250 2132 1363 2164 Penes
1388 2135 1420 2163 te
1447 2141 1521 2164 esse
1546 2132 1619 2163 infi-

912 2182 1022 2214 nitum
1052 2182 1136 2213 illud
1166 2181 1257 2224 quod
1285 2182 1393 2224 cupis,
1417 2192 1517 2214 sanus
1551 2193 1618 2214 non

914 2231 1050 2263 dixeris.
1095 2231 1130 2263 Si
1157 2231 1263 2273 igitur
1287 2242 1378 2264 caeco
1402 2232 1532 2273 impetn
1549 2243 1623 2264 cor-

915 2289 1035 2324 reptus
1077 2283 1275 2324 cujusquam
1312 2284 1454 2323 animus,
1493 2283 1620 2315 alicubi

917 2343 992 2365 esse
1009 2333 1192 2365 maximum
1219 2333 1300 2365 illud
1318 2333 1408 2375 quod
1425 2334 1546 2375 quaerit
1562 2343 1620 2365 au-

917 2387 1038 2424 tumat,
1053 2383 1135 2415 satis
1151 2384 1245 2415 illurn
1260 2385 1372 2416 credis
1390 2384 1542 2425 periisse,
1556 2384 1621 2415 nisi

918 2440 1154 2476 consequatur.

961 2489 1025 2517 656
1053 2485 1182 2526 Verium]
1207 2485 1248 2517 Iu
1264 2485 1392 2518 fontem
1410 2491 1540 2518 mutata
1557 2490 1620 2524 cst,

920 2537 1097 2577 aptissima
1113 2535 1267 2577 profecto
1280 2537 1557 2577 metaiuorphod:
1583 2541 1619 2567 ut

919 2587 995 2618 hinc
1025 2587 1172 2625 discant,
1196 2588 1253 2629 qui
1282 2587 1370 2617 vitiis
1400 2587 1466 2617 suis
1493 2585 1620 2625 favent,

922 2639 1052 2679 qualem
1068 2639 1226 2671 stultitia:
1247 2648 1316 2668 suae
1332 2636 1481 2667 debcant
1497 2644 1621 2676 expec-

922 2692 995 2720 tare
1014 2689 1150 2719 exitum.

963 2742 1024 2769 657
1052 2738 1137 2773 Quid
1151 2736 1247 2776 enim]
1279 2735 1445 2768 Nimirum
1462 2734 1544 2768 flere
1564 2745 1620 2768 vo-

922 2788 1004 2820 lenti
1020 2787 1200 2820 maximum
1216 2785 1280 2818 fuit
1301 2785 1502 2820 beneficium
1520 2787 1620 2829 juges
