1831 3023
178 202 290 244 1288
658 215 701 246 P.
731 215 893 245 ovmu
926 215 1138 247 NASONIS

179 308 427 350 Consumtis
447 311 651 364 precibus
673 311 906 352 violentam
925 312 1080 352 transit
1100 310 1145 350 in
1165 310 1272 350 iram
1290 323 1301 351 :

177 375 497 431 Intendensque
517 391 686 428 manus,
708 378 873 431 sparsis
892 377 1125 419 furibunda
1146 376 1335 430 capillis,

178 441 280 493 Quo
294 443 423 497 sugis,
445 446 676 494 exclamat,
697 445 946 484 meritorum
966 448 1142 485 auctore
1161 444 1331 493 relicta,

178 508 217 549 Ο
239 510 393 563 patriae
415 512 597 563 praelate
617 523 742 558 meae,
764 509 944 563 praelate
964 511 1130 562 parenti
1147 511 1166 550 ’.Ρ

178 574 283 626 Quo
303 577 431 629 fugis,
450 577 658 617 immitis?
690 578 815 630 cujus
835 577 1020 617 victoria
1040 582 1238 618 nostrum
1538 577 1622 617 110

175 642 234 683 Et
252 644 410 692 scelus,
430 647 473 683 et
491 644 689 683 meritum
709 647 789 683 est.
851 642 951 684 Nec
972 647 1013 684 te
1034 644 1140 684 data
1158 657 1347 694 munera,
1368 657 1450 686 nec
1470 648 1514 685 te

176 709 342 750 Noster
359 710 496 749 movit
515 722 656 760 amor3
687 722 765 750 nec
787 710 904 762 quod
924 723 1027 763 spes
1047 711 1189 751 omnis
1210 712 1255 751 in
1275 725 1410 752 unum

174 775 241 817 Te
261 789 357 816 mea
378 781 586 829 congesta
604 780 675 816 est
688 777 707 816 Τ
737 789 839 817 nam
859 789 947 830 quo
969 776 1141 818 deserta
1158 780 1380 819 revertar?

175 842 229 883 In
249 844 469 896 patriam?
501 847 705 896 superata
718 844 851 897 jacet.
911 844 998 884 Sed
1017 844 1126 897 finge
1145 857 1345 886 manere:

176 909 434 951 Proditione
455 923 554 951 mea
574 911 726 952 clausa
746 915 815 953 est
834 911 953 952 mihi.
1013 912 1157 953 Patris
1178 912 1234 952 ad
1259 914 1366 953 ora?
1539 912 1624 953 115

177 975 292 1026 Quae
313 978 393 1018 tibi
414 977 589 1019 donavi.
649 978 780 1020 Cives
800 980 933 1021 odere
959 985 1195 1021 merentem
1214 993 1223 1021 z

176 1041 370 1084 Finitimi
391 1045 639 1098 exemplum
658 1049 866 1089 metuunt.
926 1046 1238 1088 Obstruximus
1258 1047 1408 1087 orbem
1461 1092 1463 1095 v

173 1108 421 1160 Terrarum,
440 1112 566 1152 nobis
586 1116 636 1153 ut
656 1111 780 1154 Crete
801 1115 897 1155 sola
915 1117 1099 1167 pateret.

126 1168 128 1170 ’
175 1175 277 1216 Hac
297 1190 473 1231 quoque
493 1179 530 1219 si
550 1179 770 1233 prohibes,
793 1180 834 1221 si
851 1192 950 1230 nos,
971 1182 1149 1232 ingrate,
1169 1179 1396 1232 relinquis,

177 1242 281 1285 Non
301 1245 486 1296 genitrix
507 1245 688 1299 Europa
709 1247 805 1297 tibi,
826 1248 905 1288 sed
925 1248 1147 1302 inhospita
1165 1248 1322 1302 Syrtis,
1542 1246 1624 1289 120

173 1374 293 1406 haustis
305 1376 446 1415 precibus
458 1378 596 1409 decurrit
621 1379 654 1409 in
676 1389 778 1409 acrem
802 1380 882 1410 iram
894 1391 905 1417 ;
928 1383 959 1410 et
982 1390 1090 1411 resana
1111 1380 1275 1419 porrigens
1300 1388 1407 1410 manus
1420 1388 1527 1420 sparsa
1541 1389 1625 1411 coma

174 1417 372 1458 vociferatur,
390 1420 457 1454 Quo
474 1419 579 1459 fugis,
600 1431 617 1451 o
641 1423 805 1461 proeposite
829 1423 942 1462 patrioe
957 1433 1045 1461 mece,
1067 1423 1233 1462 prceposz'te
1255 1422 1354 1462 patri,
1369 1431 1461 1452 causa
1474 1421 1624 1452 destituta

175 1459 388 1501 beneficiorum
400 1460 415 1492 ,⁹
462 1462 529 1496 Quo
535 1462 640 1502 fugis,
647 1463 719 1502 fere
729 1461 745 1494 ‚⁹
768 1464 854 1502 cujus
867 1464 996 1495 victoria
1009 1468 1054 1495 cst
1069 1468 1206 1495 nostrum
1213 1464 1382 1504 flagitium
1394 1467 1423 1495 ct
1435 1463 1623 1505 beneficium.

178 1502 287 1542 Neque
310 1503 412 1534 obluta
437 1506 527 1544 dona,
554 1515 647 1545 neque
672 1509 777 1536 noster
810 1517 895 1537 amor
920 1507 1029 1545 tetigit
1056 1510 1106 1543 te‚·
1128 1517 1222 1547 neque
1247 1508 1326 1547 quenl
1351 1507 1448 1537 omnis
1472 1516 1539 1546 spes
1560 1517 1625 1537 meu

172 1545 276 1584 posita
291 1546 383 1576 estin
409 1550 440 1577 te
463 1545 548 1578 solo?
595 1549 677 1579 Nam
702 1559 758 1588 quo
782 1550 903 1580 redeam
923 1549 1101 1582 destituta?
1147 1550 1186 1580 Iu
1206 1547 1370 1589 patriam?
1419 1549 1509 1580 Victa
1526 1548 1624 1586 jacet.

176 1586 222 1618 At
244 1597 320 1627 pone
335 1591 437 1620 stare:
460 1590 537 1620 mihi
551 1593 597 1620 est
618 1592 770 1629 denegata
794 1601 860 1622 mea
884 1592 1068 1631 proditione.
1115 1593 1154 1622 In
1177 1595 1369 1632 conspectum
1390 1589 1516 1631 patris?
1538 1601 1626 1630 quem

176 1628 235 1660 tibi
262 1631 392 1661 tradidi.
439 1631 530 1661 Cives
556 1633 624 1662 odio
649 1637 874 1672 prosequuntur
897 1643 949 1664 me
973 1644 1040 1674 qua:
1061 1634 1157 1673 (ligna
1182 1644 1269 1665 sum:
1300 1633 1393 1664 vicini
1422 1633 1625 1671 reformidant

176 1674 360 1712 exemplum.
385 1673 557 1704 Exulamus
572 1674 643 1704 orbe
655 1685 665 1709 ;
688 1675 734 1705 ita
748 1679 783 1705 ut
797 1677 861 1705 solu
879 1676 969 1706 Crete
982 1686 1020 1706 ex
1033 1679 1096 1707 toto
1111 1677 1220 1706 mundo
1236 1675 1321 1706 nobis
1335 1679 1444 1715 aperta
1456 1679 1543 1706 esset.
1573 1676 1627 1706 Sic

176 1723 262 1744 arces
276 1714 370 1746 etiam
385 1715 424 1746 ab
437 1714 496 1747 ea?
511 1715 563 1746 Sic
577 1726 630 1747 nos
645 1718 771 1756 deseris,
786 1716 932 1757 ingrate?
949 1719 1075 1758 Europa
1092 1728 1151 1749 non
1162 1721 1192 1749 te
1206 1719 1328 1757 genuit,
1343 1719 1395 1749 sed
1403 1717 1510 1758 Syrtis
1523 1717 1626 1748 inhos-

788 1811 1020 1823 eeeeeeeeeeee

178 1879 266 1920 conj.
282 1881 388 1912 sceleri
411 1885 583 1914 sum—107
607 1882 732 1923 Sparsis
755 1882 826 1914 fere
853 1893 967 1914 omnes
995 1882 1102 1914 Codd.
1126 1883 1225 1922 vulgo
1248 1881 1350 1922 passis
1358 1892 1369 1918 ;
1392 1890 1476 1912 unus
1498 1881 1629 1913 Thuan.

177 1923 302 1959 scissis,-
336 1923 402 1954 duo
427 1924 534 1962 fossis.
578 1925 705 1965 Sprotii
731 1926 834 1956 etiam
861 1925 1104 1964 furiosa.-—ll2
1129 1925 1227 1956 Cant.
1254 1924 1347 1955 Med.
1364 1928 1399 1954 et
1424 1924 1508 1954 alius
1529 1925 1627 1955 tenuit

178 1974 240 2004 pro
271 1966 387 2002 movim
411 1973 446 1997 et
476 1968 510 1997 in
541 1968 739 2007 quibusdam
764 1969 882 1999 Noster
896 1979 981 1999 amor
1002 1969 1108 1998 movit.
1132 1968 1192 1997 Pr.
1220 1967 1308 1998 Mor.
1331 1967 1364 1996 in
1386 1969 1564 1997 unffi—114
1587 1967 1627 1997 R.

179 2007 275 2038 Leid.
295 2009 375 2039 Lov.
393 2013 427 2039 et
444 2009 593 2049 quinque
610 2010 666 2040 alii
681 2011 814 2048 conjecta
828 2014 991 2041 est.--ll5
1016 2010 1057 2040 In
1075 2019 1139 2040 uno
1157 2007 1288 2040 Ciofani
1305 2011 1388 2047 patr.
1405 2007 1442 2037 ob
1456 2017 1531 2043 ore;
1553 2008 1626 2047 plu-

179 2049 255 2080 rimi
271 2050 306 2079 ob
329 2060 395 2088 ora,
414 2052 501 2090 qnod
528 2056 563 2081 et
592 2052 710 2083 Heins.
735 2057 770 2083 et
795 2053 912 2083 Burm.
941 2053 1174 2091 placet.—116
1199 2050 1369 2087 Meiiores,
1393 2053 1481 2080 teste
1508 2049 1627 2081 Heius.

182 2091 283 2128 Quoe5
307 2093 393 2132 vulg.
412 2094 522 2128 Quem.
546 2094 685 2124 Bothius
703 2099 801 2134 putat
817 2094 995 2134 legendum
1009 2103 1075 2124 uno
1090 2098 1208 2124 tenore
1223 2103 1229 2122 :
1261 2092 1332 2122 vat.
1346 2091 1382 2122 ob
1394 2101 1461 2131 ora,
1476 2092 1553 2128 Quae
1568 2092 1628 2123 tibi·

179 2134 302 2171 donari,
319 2145 344 2165 c.
360 2145 387 2165 ο.
414 2139 591 2174 merentem,
608 2137 646 2167 F.
658 2147 685 2167 e.
703 2139 915 2167 metuunt.—l
923 2139 961 2167 17
986 2137 1070 2167 Cum
1088 2136 1121 2165 in
1137 2134 1304 2166 nonnullis
1330 2135 1476 2174 legatur,
1500 2135 1626 2175 exponi-

179 2186 246 2206 mus
261 2177 376 2214 urbem,
407 2177 441 2207 in
456 2178 528 2207 aliis
545 2179 725 2217 exponimur
739 2179 852 2217 orbem,
867 2183 925 2209 aut
940 2178 1023 2216 orbe,
1046 2178 1165 2209 Heius.
1189 2178 1236 2208 sic
1252 2177 1333 2216 legit
1357 2181 1391 2207 et
1407 2177 1628 2217 intel-pungit,

178 2219 359 2258 exponimur
373 2220 443 2250 orbe
457 2231 470 2256 ,·
495 2220 660 2251 Terrarum
672 2220 769 2259 nobis,
781 2222 834 2259 &a
860 2222 941 2251 Esse
957 2225 1069 2251 autem
1085 2220 1197 2260 exponi
1224 2219 1307 2257 orbe,
1323 2219 1383 2257 ait,
1407 2219 1541 2250 excludi
1555 2224 1627 2251 toto

182 2261 278 2301 orbe,
300 2263 409 2293 arceri
428 2272 466 2293 ac
490 2263 619 2303 repelli.
645 2263 761 2293 Bnrm.
778 2273 858 2293 vero
888 2267 947 2293 aut
962 2263 1170 2293 obstruximus
1186 2261 1351 2300 defendit,
1366 2266 1424 2292 aut
1440 2271 1515 2293 cum
1529 2261 1627 2293 Med.

181 2304 369 2344 occlusimus,
387 2309 422 2335 ut
439 2305 483 2335 sit
506 2315 583 2345 opp.
608 2306 698 2336 inter
723 2307 876 2336 occludere
892 2310 927 2336 et
947 2307 1174 2345 putere-*119
1198 2305 1269 2336 Hac
1293 2304 1408 2335 Heius.
1434 2303 1568 2344 profert
1585 2314 1627 2335 ex

182 2355 250 2381 see.
267 2347 361 2378 Med.
381 2348 537 2388 Thysian.
560 2348 722 2389 aliisque3
749 2348 837 2388 vulg.
859 2348 964 2379 Hunc.
983 2347 1115 2379 Deinde
1132 2358 1206 2379 cnm
1221 2352 1302 2378 tert.
1328 2346 1422 2379 Med.
1439 2351 1473 2378 et
1495 2346 1626 2379 duobus

832 2445 976 2477 NOTAE

226 2520 288 2549 120
327 2518 397 2548 Non
420 2518 578 2559 genitrix]
613 2519 741 2550 Eadem
771 2529 877 2561 prope
932 2520 1057 2551 vadosa
1073 2525 1108 2552 et
1123 2519 1438 2561 scopulosalittoris
1464 2518 1550 2559 Afri,
1575 2530 1629 2551 cu-

182 2568 284 2600 habet
310 2568 444 2608 Virgilii
469 2569 571 2608 Dido,
597 2569 727 2601 AEneid.
750 2578 800 2601 lv.
836 2570 877 2601 ab
925 2572 980 2612 jus
1004 2571 1122 2602 incola?
1140 2571 1254 2602 feriet
1279 2570 1466 2611 peregrinis
1482 2569 1629 2601 infestis—

186 2619 335 2651 Homero
353 2623 514 2650 mutuata.
933 2621 1005 2652 sinii
1029 2621 1135 2651 habiti
1162 2626 1260 2651 sunt:
1296 2625 1334 2651 ut
1365 2630 1413 2660 ex·
1435 2619 1500 2650 illis
1523 2619 1627 2660 ejecti

228 2671 368 2710 Europa]
398 2669 501 2700 Terra
524 2679 598 2709 quae
620 2668 756 2700 mitibus
779 2670 878 2701 mori·
933 2670 1140 2701 crudeliores
1164 2670 1272 2701 adhuc
1290 2669 1538 2701 existimentur.
1584 2670 1628 2701 Ε·

184 2720 246 2751 bus
262 2719 447 2759 generabat
461 2719 611 2750 homines
627 2719 717 2751 olim.
933 2720 1049 2761 gregie
1079 2720 1191 2751 Catul.
1235 2721 1244 2737 ‘
1263 2719 1426 2752 Quaenam
1451 2723 1486 2750 te
1512 2719 1629 2760 genuit

227 2769 346 2810 Syrtis]
390 2770 510 2812 Syrtes
544 2769 702 2802 dicuntur
726 2770 800 2803 loca
820 2769 880 2802 illa
934 2770 1003 2801 sola
1024 2769 1086 2802 sub
1108 2779 1195 2811 rupe
1221 2770 1354 2802 leaena?
1405 2768 1506 2802 Quod
1535 2778 1627 2801 mare
