1831 3023
215 285 330 329 1586

698 297 739 325 P.
771 294 928 325 OVIDIl
962 294 1171 328 NASONIS

215 393 424 448 Altaque,
444 404 578 446 posse
597 390 699 443 capi
719 390 937 440 faciendo,
959 390 1174 443 Pergama
1190 389 1301 443 cepi.

215 462 302 503 Per
321 475 426 515 spes
445 473 559 501 nune
581 458 741 506 socias,
758 470 997 510 casuraque
1017 459 1180 499 moenia
1197 457 1379 506 Troum,

1575 455 1661 497 375

216 529 389 583 Perque
408 529 531 568 Deos
553 538 645 575 or0,
669 538 783 577 quos
802 526 915 565 hosti
934 539 1070 578 nuper
1089 526 1252 576 ademi3

215 597 316 646 Per,
335 597 373 636 si
394 593 497 647 quid
515 595 731 646 superest,
753 592 874 645 quod
895 593 953 633 sit
971 593 1192 646 sapienter
1213 590 1446 643 agendum3

215 662 264 702 Si
285 662 391 715 quid
412 661 555 702 adhuc
576 660 738 709 audax,
760 673 817 701 ex
837 660 1144 714 praecipitique
1163 658 1421 714 petendum;

217 729 265 769 Si
285 727 431 781 Trojae
450 727 553 767 satis
574 726 739 779 aliquid
759 731 919 768 restare
939 727 1132 781 putatis3

216 795 325 835 Este
344 795 433 835 mei
450 806 683 834 memores:
717 797 791 834 aut
812 796 849 834 si
869 795 975 835 mihi
995 807 1085 834 non
1106 794 1220 835 datis
1241 805 1386 843 arma3

534 861 590 901 Et
609 859 798 900 ostendit
816 860 985 910 signum
1005 861 1139 899 fatale
1161 860 1393 900 Minervae.

216 861 339 902 Huic
357 862 473 902 date.

1576 788 1661 831 380

273 927 401 968 Mota
419 939 575 967 manus
596 937 822 978 procerum
842 928 928 965 est:
959 928 1013 974 et,
1037 924 1142 978 quid
1162 924 1369 964 facundia
1390 929 1560 976 posset,

216 994 287 1035 Re
307 994 473 1048 patuit3
502 992 711 1045 fortisque
731 992 815 1033 viri
833 991 931 1032 tulit
950 1004 1071 1032 arma
1089 991 1286 1031 disertus.

218 1061 416 1102 Hectora
436 1060 510 1112 qui
532 1059 665 1108 solus,
688 1059 763 1111 qui
782 1059 956 1108 ferrum,
976 1059 1218 1111 ignemque,
1239 1057 1268 1098 J
1273 1070 1486 1110 ovemque

218 1127 437 1168 Sustinuit
456 1127 610 1178 toties3
640 1138 770 1166 unam
788 1139 875 1166 non
895 1126 1077 1166 sustinet
1096 1126 1203 1165 iram
1221 1138 1231 1166 t

219 1194 521 1248 Invictumque
540 1193 681 1235 virum
699 1192 836 1234 vincit
855 1192 992 1233 dolor.

1581 1123 1667 1165 385

1052 1190 1219 1245 Arripit
1233 1204 1375 1231 ensem
1390 1204 1400 1231 :

217 1315 398 1354 obnitentia,
412 1318 441 1346 et
456 1314 522 1355 cepi
537 1315 656 1346 excelsa
670 1315 828 1354 Pergama
834 1315 981 1353 faciendo
993 1324 1082 1355 posse
1096 1314 1175 1355 capi.
1219 1314 1336 1345 Precor
1351 1322 1428 1344 nunc
1440 1321 1497 1353 per
1510 1321 1577 1352 spes
1589 1321 1669 1343 oom-

217 1367 335 1396 munes,
348 1360 379 1388 et
394 1366 494 1388 muros
510 1358 648 1389 ruituros
667 1358 878 1398 Troianorum,
898 1361 927 1388 et
947 1367 1004 1398 per
1020 1358 1116 1396 Deos,
1132 1366 1203 1397 quos
1218 1367 1314 1396 nuper
1329 1355 1437 1386 sustuli
1455 1355 1548 1394 hosti,
1570 1364 1627 1394 per
1639 1354 1668 1385 si

217 1400 289 1438 quid
306 1403 348 1430 est
364 1400 517 1439 reliquum
533 1401 611 1439 quod
623 1400 665 1430 sit
678 1402 846 1440 prudenter
858 1404 888 1432 et
902 1404 990 1431 caute
1004 1400 1211 1439 exequendum
1225 1410 1235 1435 ;
1258 1399 1285 1429 si
1300 1400 1372 1439 quid
1388 1397 1487 1429 adhuc
1502 1398 1616 1436 audax,
1639 1399 1670 1427 et

216 1443 378 1480 petendum
400 1451 440 1472 esc
461 1442 592 1482 difficili,
608 1443 634 1472 si
650 1443 723 1481 quid
738 1443 927 1473 existimatis
942 1451 1095 1483 superesse
1103 1442 1187 1480 fatis
1205 1441 1314 1480 Troice,
1327 1444 1422 1471 estote
1435 1439 1495 1470 mei
1509 1448 1653 1470 memores
1663 1449 1674 1469 .-

217 1484 266 1513 vel
280 1483 307 1513 si
321 1493 381 1514 non
395 1484 562 1514 conceditis
585 1484 661 1514 mihi
676 1494 777 1523 arma,
803 1485 957 1516 concedite
972 1485 1044 1515 huic
1054 1496 1064 1515 .·
1086 1488 1177 1523 atque
1199 1487 1348 1514 monstrat
1364 1483 1558 1513 simulacrum
1566 1480 1671 1520 fatale

219 1526 382 1556 Minervoe.
425 1525 581 1556 Primarii
606 1526 683 1556 tacti
706 1529 777 1556 sunt
792 1536 804 1562 ;
826 1531 856 1557 et
871 1537 903 1558 re
924 1527 992 1567 ipsa
1007 1526 1153 1566 apparuit
1167 1526 1240 1565 quid
1255 1525 1428 1565 eloquentia
1440 1527 1552 1564 posset,
1576 1526 1607 1554 et
1613 1522 1670 1561 fa-

217 1568 334 1597 cunclus
349 1567 520 1607 reportavit
542 1576 629 1597 arma
644 1567 705 1598 viri
720 1569 850 1599 strenui.
897 1569 960 1604 Qui
974 1569 1053 1598 solus
1070 1570 1162 1599 toties
1185 1568 1333 1598 sustinuit
1351 1567 1487 1606 ferrum,
1508 1569 1539 1597 et
1553 1565 1671 1604 ignem,

217 1613 247 1640 et
263 1610 385 1648 Jovem,
411 1612 456 1640 est
473 1609 572 1648 impar
589 1609 731 1647 serendae
747 1610 823 1641 irae:
846 1614 876 1641 et
902 1612 988 1641 dolor
1011 1613 1137 1650 superat
1162 1610 1264 1640 virum
1288 1609 1483 1640 indomitum.
1531 1606 1670 1648 Corripit

832 1690 909 1701 eee
911 1690 1067 1703 moa*

219 1746 445 1776 vestris—374
469 1744 511 1776 In
539 1743 667 1775 duobus
682 1745 726 1775 V.
750 1748 786 1775 et
802 1753 868 1775 uno
884 1743 1003 1774 Heius.
1022 1743 1188 1784 Aptaque:
1211 1744 1267 1775 ille
1293 1744 1429 1785 quidem
1444 1745 1532 1784 legit
1556 1749 1592 1776 et
1607 1744 1674 1777 dis-

220 1788 344 1827 tinguit
358 1788 463 1827 Altaq.
475 1797 564 1828 posse
578 1787 647 1827 capi
655 1786 803 1825 faciendo
818 1788 989 1825 Pergama,
1004 1787 1081 1826 cepi.
1125 1787 1196 1817 Pro
1215 1786 1374 1826 faciendo,
1395 1787 1491 1818 Med.
1507 1787 1651 1827 sapiendo
1663 1799 1674 1819 .-

218 1830 298 1861 Jun.
318 1829 462 1869 patiendo
478 1829 613 1868 P.feci.·
638 1833 707 1860 tres
722 1828 990 1869 capiendo...feci.·
1014 1829 1128 1869 plures
1149 1829 1254 1860 etiam
1263 1829 1449 1866 seci.—375
1473 1830 1569 1860 Unus
1585 1831 1676 1862 Mor.

220 1873 285 1902 Per
299 1882 367 1911 spes
381 1882 433 1902 vos
446 1872 555 1911 socias,
571 1872 660 1912 quod
685 1871 905 1903 adblanditur
932 1871 1052 1902 Heius.
1077 1871 1170 1902 Dein
1187 1871 1220 1902 in
1250 1871 1380 1902 duobus
1397 1881 1487 1903 moeu.
1516 1871 1674 1911 Troice.—

219 1917 282 1945 378
306 1914 401 1945 Leid.
415 1924 453 1945 ex
468 1914 663 1956 difficilique:
688 1924 767 1945 mox
795 1913 943 1945 Berolin.
966 1915 1090 1953 petend.
1117 1917 1173 1945 est.
1209 1914 1330 1945 Heius.
1357 1917 1607 1957 suspectuswest
1621 1914 1674 1946 hic

219 1967 269 1986 vs.
308 1956 420 1987 Etiam
443 1967 491 1988 vs.
521 1966 592 1997 seq.
620 1957 776 1996 agnoseit
805 1965 938 1987 manum
969 1955 1125 1987 alienam.
1170 1956 1275 1987 Posse
1303 1961 1414 1987 tamen
1438 1959 1568 1996 putatur
1595 1956 1676 1997 legi.

220 1999 327 2029 Uncis
352 1999 413 2029 hos
437 1999 522 2030 duos
545 2008 610 2030 vss.
639 1998 777 2030 inclusit
805 1999 1054 2030 Musca—380
1078 1999 1172 2029 Unus
1202 1999 1335 2030 Heinsii
1363 2002 1396 2029 at
1421 1999 1449 2030 si
1470 1999 1558 2037 mihi,
1587 1998 1676 2040 quod

221 2041 411 2081 elegantius
432 2041 571 2081 judicat
600 2042 827 2073 Burm.——3S3
863 2041 913 2071 Re
942 2041 1040 2071 multi
1065 2050 1106 2071 ex
1136 2041 1332 2072 melioribus
1361 2041 1503 2072 Heinsio
1539 2050 1677 2081 sugges-

219 2088 336 2115 serunt
359 2093 421 2124 pro
437 2085 528 2124 vulg.
555 2084 632 2116 Tum
648 2089 707 2116 aut
734 2085 938 2116 Tana—384
962 2083 1084 2115 Heins.
1113 2093 1153 2115 ex
1180 2083 1377 2115 melioribus
1406 2083 1503 2115 dedit
1518 2083 1677 2124 igneum„-

873 2170 1013 2203 NOTAE

221 2251 304 2283 opus
319 2242 393 2274 fuit.

262 2295 326 2323 376
351 2291 449 2332 Quos]
478 2292 530 2323 De
546 2293 702 2325 Palladio
717 2295 876 2335 loquitur.

263 2344 325 2372 377
364 2341 401 2372 Si
430 2342 505 2381 quid
532 2343 683 2382 superest]
724 2344 833 2375 Quam
861 2353 919 2383 op-

221 2395 367 2432 portune
393 2391 454 2422 sub
480 2390 581 2422 finem
608 2392 767 2423 orationis
795 2392 838 2423 de
858 2403 919 2424 usn

219 2442 336 2473 futuro
352 2442 543 2473 admonuit!
582 2442 684 2473 Nulla
700 2442 811 2482 potior
833 2443 919 2473 ratio

221 2491 312 2532 apud
337 2491 505 2529 homines;
530 2492 587 2532 qui
612 2497 649 2523 ut
674 2493 853 2532 plurimum
876 2492 919 2523 ob

221 2542 400 2583 praeterita
413 2541 580 2572 beneficia
595 2547 672 2572 sunt
689 2541 820 2573 infensi.

264 2595 325 2622 383
341 2591 439 2630 Tulit]
456 2591 505 2621 Ut
517 2591 593 2621 hinc
606 2592 795 2631 aequissimo
806 2592 921 2623 Ethni-

222 2651 339 2673 corum
358 2641 490 2681 judicio
507 2641 704 2681 sapientiam
730 2641 921 2673 fortitudini

222 2692 430 2723 antecellere
454 2692 633 2731 intelligas,
677 2693 741 2723 Ille
765 2694 920 2734 equidem

221 2742 388 2774 maximus
404 2742 548 2782 videtur,
562 2743 619 2784 qui
636 2748 671 2774 et
685 2744 790 2775 bonus
813 2746 921 2776 consi-

220 2793 268 2822 lio
284 2795 320 2822 et
332 2801 431 2822 manu
446 2797 596 2832 promtus
611 2797 686 2831 est;
709 2803 822 2824 verum
835 2794 923 2824 inter

223 2842 308 2873 duos
325 2842 352 2873 si
368 2841 462 2874 unius
478 2842 623 2875 virtutes
645 2842 810 2886 dlviseris,
825 2843 922 2876 fortis

974 2245 1137 2285 sapientis
1165 2255 1281 2276 servus
1308 2243 1431 2275 fuerit:
1456 2242 1581 2276 virtute
1596 2253 1677 2276 vera

972 2294 1005 2324 in
1022 2299 1140 2325 centro
1158 2295 1355 2326 irradiante.

1015 2347 1076 2376 385
1105 2344 1220 2384 Unam]
1261 2344 1378 2385 Atque
1408 2344 1492 2376 adeo
1519 2344 1553 2375 in
1581 2344 1676 2376 nobis

973 2394 1054 2434 ipsis
1068 2398 1146 2424 sunt
1161 2393 1268 2424 nostri
1282 2393 1394 2424 hostes
1409 2393 1545 2425 maximi
1561 2404 1571 2432 ς
1593 2404 1676 2435 quos

975 2443 1031 2483 qui
1042 2442 1266 2483 superaverit,
1276 2446 1456 2482 utcumque
1470 2443 1678 2483 quiescendo

973 2492 1007 2523 id
1022 2491 1095 2531 fiat,
1108 2491 1308 2523 fortissimus
1324 2491 1440 2523 fuerit.
1493 2492 1560 2523 Sed
1584 2493 1674 2524 enim

975 2536 1222 2573 abstrusissima
1250 2552 1333 2582 opus
1363 2546 1416 2572 est
1442 2542 1675 2582 speculatione

974 2592 1166 2633 priusquam
1183 2593 1303 2623 animae
1320 2596 1471 2622 centrum
1488 2602 1508 2622 a
1524 2593 1677 2633 corporis

977 2642 1106 2673 ambitu
1122 2642 1211 2673 tueri
1226 2642 1400 2683 quisquam
1420 2642 1590 2674 didicerit.

1018 2695 1081 2723 386
1090 2692 1314 2732 Invictumque]
1323 2692 1355 2722 A
1365 2693 1503 2733 ceteris,
1515 2692 1677 2733 intellige.

1018 2742 1132 2783 Dolor]
1167 2742 1347 2774 Proximus
1364 2746 1399 2773 et
1423 2743 1676 2782 potentissimus

976 2793 1137 2834 cujusque
1149 2793 1254 2824 hostis
1267 2802 1345 2823 suus
1361 2792 1468 2834 dolor,
1484 2802 1549 2835 quo
1561 2797 1677 2827 tamen

977 2843 1199 2884 perniciosior
1214 2847 1268 2876 est
1282 2842 1451 2885 voluptas.
