1831 3023
221 244 334 285 1454
706 253 748 283 P.
780 251 938 282 ovum
972 247 1183 280 NASONIS

221 351 343 393 Pelle
362 363 529 392 moram
547 363 556 390 :
587 349 751 390 vinces.
813 347 1009 389 Dubium
1031 342 1284 398 Megareius
1305 342 1435 383 heros

222 417 440 467 Gaudeat,
463 430 519 457 an
537 417 660 468 virgo
682 416 823 466 magis
842 415 910 453 his
933 412 1164 453 Schoeneia
1184 410 1330 450 dictis.
1591 406 1674 448 660

222 485 261 526 Ο
285 486 472 539 quoties,
495 497 595 525 cum
611 483 707 536 jam
726 484 876 534 posset
894 480 1090 530 transire,
1110 481 1280 520 morata
1300 480 1363 518 est
1381 490 1392 530 ;

222 553 542 606 Spectatosque
563 549 639 588 diu
661 548 805 588 vultus
825 547 963 587 invita
981 546 1178 600 reliquit!

219 618 386 660 Aridus
407 630 430 656 e
450 617 570 656 lasso
586 615 794 655 veniebat
815 614 1030 653 anhelitus
1051 626 1124 654 ore
1142 628 1151 655 t

221 685 430 735 Metaque
451 685 544 723 erat
560 682 704 735 longe.
764 681 879 722 Tum
898 681 1086 733 denique
1107 680 1160 721 de
1180 680 1322 721 tribus
1346 689 1482 719 unum

221 750 424 791 Foetibus
447 750 637 791 arboreis
657 749 802 804 proles
824 748 1048 801 Neptunia
1068 748 1206 788 misit.
1585 744 1674 786 665

220 818 457 871 Obstupuit
476 819 599 870 virgo
616 831 627 869 3
657 817 874 868 nitidique
895 816 1102 868 cupidine
1122 815 1246 869 pomi

219 885 427 926 Declinat
448 897 624 935 cursus3
659 894 902 935 aurumque
922 883 1114 922 volubile
1137 882 1265 922 tollit.

218 951 424 993 Praeterit
446 951 767 1004 Hippomenes.
791 951 794 953 ’
827 948 1059 990 Resonant
1080 947 1334 1002 spectacula
1351 948 1528 1001 plausu.

218 1018 304 1059 Illa
322 1032 487 1059 moram
511 1018 652 1067 celeri,
673 1021 934 1070 cessataque
955 1021 1172 1069 tempora,
1199 1027 1333 1056 cursu

217 1084 426 1135 Corrigit:
458 1089 585 1138 atque
604 1086 760 1126 iterum
776 1085 982 1139 juvenem
1002 1086 1105 1137 post
1125 1086 1241 1136 terga
1259 1082 1479 1135 relinquit.
1587 1079 1672 1121 670

215 1152 276 1192 Et
295 1165 442 1193 rursus
465 1152 587 1205 pomi
601 1152 724 1206 jactu
745 1155 963 1192 remorata
982 1149 1180 1199 secundi,

216 1217 520 1272 Consequitur,
542 1218 785 1271 transitque
805 1218 957 1259 virum.
1018 1217 1132 1258 Pars
1152 1215 1305 1257 ultima
1325 1226 1476 1255 cursus

217 1285 433 1327 Restabat
450 1297 459 1324 :
492 1285 640 1334 Nunc,
659 1285 819 1339 inquit,
840 1284 959 1334 adeS,
982 1284 1082 1325 Dea
1101 1281 1289 1323 muneris
1308 1285 1486 1323 auctor:

216 1351 356 1405 Inque
375 1353 494 1393 latus
517 1352 679 1404 campi,
702 1364 789 1404 quo
810 1351 979 1392 tardius
996 1351 1072 1391 illa
1092 1349 1266 1399 rediret,

213 1418 244 1459 J
247 1420 332 1459 ecit
352 1419 408 1459 ab
431 1419 614 1470 obliquo
634 1418 818 1458 nitidum
832 1418 1086 1470 juveniliter
1105 1429 1273 1457 aurum.
1587 1414 1614 1455 6

215 1484 289 1525 An
310 1488 487 1538 peteret,
508 1485 627 1537 virgo
650 1484 746 1525 visa
767 1489 831 1525 est
853 1484 1076 1525 dubitare:
1110 1482 1235 1535 coegi

215 1551 392 1593 Tollere
411 1566 420 1603 ;
454 1556 498 1592 et
519 1551 661 1605 adjeci
683 1552 858 1592 sublato
878 1552 1076 1604 pondera
1092 1551 1208 1591 malo
1227 1563 1236 1591 :

215 1618 498 1673 Impediique
519 1619 660 1658 oneris
681 1618 839 1670 pariter
861 1619 1076 1670 gravitate
1095 1629 1318 1670 moraque.

1616 1415 1640 1455 x)

1645 1414 1672 1454 0¹

214 1752 308 1783 Nunc
322 1755 408 1782 utere
424 1752 499 1781 totis
511 1751 637 1782 viribus.
687 1751 768 1782 Tolle
784 1762 894 1790 moras,
908 1752 1007 1782 victor
1022 1751 1094 1782 eris.
1140 1751 1297 1781 Incertum
1312 1752 1359 1780 est
1373 1749 1460 1780 heros
1473 1749 1668 1790 Megareius,

213 1804 253 1825 an
266 1795 367 1834 puella
384 1794 544 1824 Schoeneia
558 1793 659 1832 magis
680 1794 802 1824 laetetur
817 1795 866 1825 his
891 1794 1000 1824 verbis.
1049 1795 1078 1824 Ο
1094 1793 1214 1833 quoties
1236 1793 1371 1831 distulit,
1397 1802 1465 1823 cum
1479 1792 1550 1831 jam
1568 1797 1671 1833 poscet

209 1837 385 1876 praeterire,
410 1839 500 1875 atque
523 1846 608 1874 <egre
624 1837 758 1866 deseruit
778 1836 895 1874 faciem
912 1837 965 1866 diu
980 1839 1147 1876 spectatam
1160 1835 1175 1866 !
1207 1835 1312 1865 Siccus
1326 1834 1457 1874 spiritus
1469 1835 1613 1874 prodibat
1628 1845 1668 1867 ex

212 1878 328 1916 defesso
344 1890 394 1908 ore
407 1889 417 1913 ;
438 1884 529 1918 alque
544 1882 624 1908 meta
639 1880 743 1917 procul
757 1879 869 1910 stabat.
916 1879 993 1909 Tum
1016 1878 1146 1918 denique
1160 1877 1253 1919 filius
1277 1877 1417 1917 Neptuni
1439 1877 1552 1916 abjecit
1576 1887 1670 1909 unum

212 1931 253 1952 ex
259 1920 421 1958 fructibus
435 1921 580 1951 arboreis.
627 1921 735 1951 Puella
757 1922 870 1952 mirata
887 1925 942 1959 est,
969 1925 1059 1961 atque
1074 1920 1225 1951 desiderio
1238 1920 1358 1960 pulchri
1378 1920 1474 1959 pomi,
1499 1919 1636 1959 deflectit
1650 1931 1670 1952 a

211 1973 314 2000 cursu,
339 1967 367 1994 el
385 1964 505 2001 colligit
519 1973 628 1994 aurum
643 1965 818 1994 rotundum.
868 1965 1073 2003 Hippomenes
1087 1963 1264 1993 antetertit.
1309 1963 1490 2002 Spectacula
1503 1966 1669 2002 personant

207 2007 329 2046 plausu.
381 2006 438 2036 Illa
456 2006 584 2036 resarcit
600 2016 728 2042 moram,
753 2010 783 2037 et
800 2011 937 2046 tempora
952 2007 1062 2037 omissa
1077 2006 1171 2036 veloci
1187 2015 1276 2036 cursu
1287 2015 1299 2041 ;
1320 2008 1411 2044 atque
1426 2005 1539 2035 iterum
1554 2005 1671 2036 deserit

203 2048 345 2085 juvenem
362 2059 379 2078 a
397 2053 502 2087 tergo.-
525 2052 618 2088 atque
634 2058 739 2079 rursus
753 2049 889 2080 cohibita
907 2050 996 2087 jactu
1022 2049 1147 2079 secundi
1163 2048 1244 2087 pomi
1270 2047 1454 2086 assequitur,
1471 2051 1502 2077 et
1525 2047 1668 2086 praeterit

210 2089 323 2120 virum.
374 2092 453 2120 Pars
481 2092 645 2121 norissima
670 2101 778 2121 cursus
800 2095 979 2131 supei·e-r‹1t,·
1000 2092 1088 2127 Jam,
1111 2091 1222 2130 inquit,
1243 2090 1381 2129 propitia
1397 2092 1459 2119 esta
1475 2089 1545 2119 Dea
1560 2092 1668 2120 auctor

209 2132 282 2162 doni
292 2143 302 2167 ;
327 2136 427 2171 atque,
444 2138 476 2163 ut
493 2134 545 2163 illa
561 2133 660 2164 serius
672 2137 887 2170 reverteretur,
910 2135 994 2164 misit
1008 2136 1130 2163 strenue
1143 2132 1334 2171 splendidum
1348 2141 1468 2170 pomum
1484 2131 1522 2161 ab
1537 2131 1667 2172 obliquo.

211 2174 322 2204 Puella
340 2175 405 2204 cisa
421 2178 466 2204 est
482 2175 636 2212 ambigere
652 2185 691 2206 an
706 2179 842 2214 peteret.-
865 2176 950 2214 coegi
965 2177 1121 2213 colligere,
1147 2179 1237 2213 alque
1253 2175 1359 2204 addidi
1373 2174 1564 2210 grai-itatem
1577 2184 1666 2214 pomo

210 2220 361 2256 correpto,
377 2220 468 2256 atque
483 2217 588 2247 obstiti
601 2217 723 2257 pariter
737 2219 868 2257 pondere
882 2218 995 2255 oneris,
1011 2221 1039 2247 et
1055 2227 1147 2247 mora.
1195 2216 1281 2246 Nece
1294 2225 1361 2246 mea
1374 2217 1476 2246 oratio
1489 2217 1532 2246 sit
1547 2216 1667 2256 long-ior

822 2298 1052 2310 eeeeeeeeeeee

211 2359 354 2399 primum
365 2369 453 2389 corr.
465 2359 521 2395 cel,
531 2358 651 2388 deinde
667 2359 749 2389 Et.--
764 2362 827 2390 656
836 2359 1413 2399 Ber‹›lin.j11v.terrarque.sav.—659
1422 2360 1604 2398 Megareius
1613 2363 1667 2392 est

210 2411 253 2432 ex
271 2402 403 2432 emend.
426 2402 576 2440 Mycilli;
602 2401 691 2441 vulg.
710 2402 1004 2433 Mevaniae—660
1024 2404 1088 2433 Pro
1102 2402 1261 2433 Schameia
1274 2402 1350 2433 libri
1362 2403 1538 2441 scripti,et
1553 2403 1665 2443 hic,et

210 2453 314 2484 supra
325 2444 612 2479 habevtsoeneia:
626 2449 662 2474 ut
674 2445 772 2474 tacil==
790 2451 966 2484 appareat.
982 2445 1067 2476 hanc
1077 2447 1216 2475 alteram
1231 2454 1305 2475 esse
1322 2445 1364 2474 ab
1382 2445 1450 2482 illa,
1463 2446 1558 2484 cujus
1570 2444 1665 2476 facta.

212 2490 266 2516 est
275 2487 400 2516 monvio
416 2487 446 2516 in
462 2492 593 2516 octavo.
609 2485 839 2523 Ciosan.-663
856 2488 955 2525 ang.
973 2498 990 2517 a
1005 2489 1073 2518 lass.
1089 2488 1246 2517 meliores
1259 2490 1394 2518 e.—670
1407 2487 1565 2518 Heidelb.
1579 2490 1662 2527 terg-

210 2528 376 2568 reliquit.-
390 2531 450 2559 671
470 2529 572 2568 Rapta
586 2529 739 2566 projactu
755 2529 847 2559 Med.
861 2536 893 2559 et
909 2531 1001 2559 alins,
1029 2529 1159 2560 Deinde
1174 2530 1216 2560 A.
1229 2533 1370 2560 revocata
1381 2532 1548 2560 sec.-—672
1569 2530 1662 2560 Unus

211 2570 302 2601 Mor.
321 2580 395 2610 pars
418 2571 651 2610 optilam-675
682 2572 771 2601 l'nus
796 2572 871 2602 Pat.
899 2572 957 2602 obl.
984 2573 1132 2613 liquidum
1147 2571 1214 2610 juv.
1239 2576 1274 2602 et
1298 2572 1345 2603 sic
1374 2572 1461 2612 vulg.
1489 2571 1576 2604 Edd.
1607 2571 1664 2603 alii

870 2669 899 2699 N
906 2669 1006 2700 OTAE

251 2742 314 2770 678
337 2739 486 2780 Impedii]
518 2739 646 2771 Puenae
675 2741 839 2782 siqnidem
861 2743 907 2773 le·
963 2747 1051 2774 totas
1074 2743 1193 2774 melius
1222 2752 1418 2783 expugnare
1445 2741 1537 2774 idem
1563 2751 1662 2784 posse

209 2788 350 2820 vitatem
365 2797 483 2820 aurum
505 2789 618 2829 potuit
638 2790 787 2831 vincere,
809 2791 907 2823 urbes
963 2803 1062 2835 quam
1078 2793 1182 2825 moles
1192 2792 1320 2825 ferreas
1337 2802 1399 2833 pro
1412 2795 1509 2824 certo
1523 2791 1660 2825 habeto.
