1831 3023
216 220 320 262 [520
693 233 735 263 P.
767 232 923 262 ovmu
956 231 1168 263 NASONIS

209 327 556 380 Innumerosque
578 327 737 376 aditus,
759 340 812 367 ac
833 326 954 366 mille
974 327 1185 369 foramina
1206 327 1332 370 tectis

207 392 410 443 Addidit,
433 397 474 434 et
492 394 623 434 nullis
645 394 819 433 inclusit
838 394 992 434 limina
1011 397 1159 449 portis.
1602 395 1661 441 45

210 460 358 501 Nocte
378 461 536 512 dieque
556 464 720 512 patent.
780 459 895 500 Tota
916 465 982 501 est
1000 474 1057 502 ex
1074 476 1147 503 ore
1169 463 1360 503 sonanti:

209 528 328 569 Tota
342 527 483 567 fremit
501 540 509 566 :
543 539 766 579 vocesque
787 526 938 568 refert:
969 529 1178 583 iteratque
1198 530 1314 583 quod
1336 528 1472 570 audit.

209 595 344 635 Nulla
364 593 489 646 quies
510 594 642 643 intus,
664 594 870 646 nullaque
892 595 1062 636 silentia
1082 601 1220 650 parte.

210 661 305 701 Nec
328 663 472 699 tamen
492 664 560 699 est
581 660 755 710 clamor,
777 661 853 701 sed
875 674 1024 714 parvae
1044 676 1264 704 murmura
1284 663 1430 703 vocis:

210 726 374 775 Qualia
395 726 449 766 de
470 727 632 779 pelagi,
655 729 693 768 si
711 729 808 780 quis
828 730 984 781 procul
1006 730 1174 780 audiat,
1196 731 1326 784 undis
1604 730 1662 771 50

210 792 321 833 Esse
344 794 505 834 solent:
537 794 765 846 qualemve
787 808 957 844 sonum,
980 809 1079 836 cum
1099 797 1277 849 Jupiter
1298 801 1416 837 atras

208 859 431 913 Increpuit
450 862 602 909 nubes,
625 864 820 901 extrema
840 862 1028 902 tonitrua
1048 864 1244 902 reddunt.

208 925 337 967 Atria
354 928 481 967 turba
500 931 648 968 tenent
664 941 673 967 z
704 928 886 968 veniunt
905 928 1001 968 leve
1023 929 1191 980 vulgus,
1211 931 1421 981 euntque:

210 993 446 1046 Mixtaque
468 1005 565 1033 cum
587 994 703 1033 veris
725 995 889 1046 passim
911 999 1151 1035 commenta
1171 999 1389 1046 vagantur

210 1059 355 1100 Millia
375 1073 590 1101 rumorum
609 1074 618 1100 :
650 1060 920 1114 confusaque
943 1062 1076 1102 verba
1096 1061 1307 1102 volutant.
1605 1063 1662 1103 55

210 1126 248 1166 E
269 1125 428 1179 quibus
444 1126 488 1166 hi
510 1139 676 1168 vacuas
697 1127 878 1180 implent
900 1128 1179 1168 sermonibus
1202 1140 1350 1169 aures:

210 1193 276 1233 Hi
293 1195 469 1233 narrata
488 1193 629 1234 ferunt
649 1194 736 1234 alio
755 1208 763 1234 :
793 1207 1080 1247 mensuraque
1102 1194 1194 1235 ficti

210 1259 403 1311 Crescit;
435 1264 478 1301 et
495 1261 654 1301 auditis
675 1262 844 1314 aliquid
865 1275 1007 1303 novus
1029 1262 1183 1315 adjicit
1204 1266 1366 1303 auctor.

210 1326 309 1368 Illic
332 1326 592 1377 Credulitas,
614 1328 701 1368 illic
721 1329 980 1370 temerarius
1003 1328 1148 1379 Error,

209 1392 427 1447 Vanaque
450 1394 630 1435 Laetitia
650 1399 731 1443 est,
751 1396 1099 1449 consternatique
1119 1395 1337 1444 Timores,
1608 1393 1665 1435 60

212 1460 468 1514 Seditioque
490 1473 659 1514 repens,
683 1461 900 1514 dubioque
922 1467 1100 1503 auctore
1122 1463 1312 1503 Susurri.

212 1525 319 1579 Ipsa
341 1527 446 1580 quid
466 1528 509 1567 in
531 1528 646 1568 coelo
668 1541 824 1576 rerum,
846 1529 1087 1583 pelagoque
1108 1533 1289 1581 geratur,

212 1592 267 1634 Et
289 1593 459 1644 tellure,
482 1595 614 1644 videt,
635 1600 862 1647 totumque
884 1595 1059 1648 inquirit
1079 1596 1124 1635 in
1143 1597 1308 1636 orbem.

212 1723 323 1754 Pcrrii
337 1727 408 1753 sunt
423 1724 473 1753 die
490 1728 520 1754 et
535 1727 632 1754 nocte.
683 1725 758 1755 Tota
774 1728 818 1755 est
842 1734 880 1755 ex
906 1735 966 1755 (ere
987 1729 1074 1756 acuto
1087 1736 1098 1762 ;
1121 1725 1330 1762 totusremit,·
1351 1727 1380 1754 et
1396 1724 1499 1754 reddit
1523 1727 1621 1763 sorios,
1635 1729 1667 1756 et

213 1766 327 1805 repetit
343 1767 421 1805 quod
445 1766 545 1797 audit.
594 1767 687 1797 Nulla
703 1767 786 1805 quies
802 1767 899 1805 intus,
913 1771 943 1797 et
965 1768 1075 1798 nullibi
1101 1768 1267 1798 silentium.
1314 1767 1423 1805 Neque
1438 1769 1540 1796 tamen
1555 1769 1601 1796 est
1616 1776 1668 1796 vo-

210 1807 365 1847 ciferatio,
380 1809 433 1838 sed
458 1808 577 1838 susurri
592 1808 750 1839 submissae
768 1810 864 1839 racis:
887 1811 986 1849 qualis
1010 1811 1087 1841 solet
1108 1820 1170 1840 esse
1186 1809 1335 1847 fremitus
1353 1809 1507 1849 fluctuum
1523 1808 1666 1849 aequoris,

210 1850 238 1880 si
250 1850 318 1890 quis
330 1860 369 1879 ex
379 1851 543 1890 longinquo
553 1851 687 1891 accipiat
703 1862 712 1886 ;
726 1853 772 1881 rel
783 1854 902 1891 qualem
912 1852 1074 1892 strepitum
1086 1853 1196 1883 ultima
1207 1853 1343 1882 tonitrua
1354 1853 1485 1882 reddunt
1497 1861 1565 1882 cum
1574 1851 1666 1890 Jupi-

212 1895 260 1922 ter
274 1894 405 1932 perculit
420 1894 544 1923 nebulas
559 1897 655 1923 atras.
684 1895 857 1925 Multitudo
867 1898 993 1934 occupat
1008 1898 1090 1925 atria
1101 1906 1111 1931 ;
1123 1895 1209 1935 plebs
1225 1895 1321 1924 intrat
1337 1898 1427 1933 atque
1437 1893 1551 1933 prodit.
1574 1893 1666 1925 Mille

210 1944 346 1965 rumores
361 1935 440 1972 salsi
464 1937 535 1966 hinc
550 1936 619 1966 inde
637 1940 743 1966 errant
759 1947 818 1967 unu
833 1947 901 1967 cum
917 1937 1007 1977 reris,
1022 1941 1051 1968 et
1069 1948 1150 1968 voces
1174 1938 1329 1977 permistas
1344 1937 1518 1967 volvuntur.
1563 1935 1666 1976 Atque

212 1987 252 2007 ex
267 1977 406 2008 omnibus
420 1978 453 2007 ln·
479 1978 647 2016 referciunt
672 1979 791 2010 inanem
815 1980 916 2010 aerem
938 1981 1142 2012 sermonibus.-
1165 1980 1220 2010 aliz·
1241 1982 1367 2019 portant
1382 1979 1441 2009 alio
1466 1988 1532 2018 quae
1545 1979 1664 2017 prolata

211 2023 295 2058 sunt,
311 2023 340 2050 et
356 2022 461 2050 modus
480 2021 560 2058 falsi
575 2024 729 2059 angelum
752 2025 841 2061 atque
856 2022 970 2061 aliquis
983 2026 1088 2052 auctor
1101 2023 1219 2062 aliquid
1241 2023 1329 2052 addit
1344 2021 1485 2061 acceptis.
1529 2020 1602 2050 Illic
1617 2023 1664 2050 est

216 2061 404 2102 Credulitas,
422 2063 486 2093 illic
504 2064 606 2093 Error
620 2064 807 2103 imprudens,
822 2068 851 2094 et
868 2065 958 2094 inane
976 2065 1143 2103 Gaudium,
1158 2068 1188 2095 et
1200 2065 1337 2094 Parores
1351 2063 1490 2102 attoniti,
1505 2065 1535 2092 et
1544 2061 1663 2092 Seditio

212 2112 346 2142 serpens,
368 2109 397 2135 et
422 2105 552 2135 Susurri
567 2106 682 2135 incerto
696 2109 829 2136 auctore.
876 2107 950 2145 Ipsa
964 2109 1063 2138 ceruit
1079 2108 1152 2147 quid
1177 2116 1279 2137 rerum
1304 2109 1418 2144 agatur
1438 2105 1471 2135 iu
1486 2105 1568 2144 coelo,
1586 2107 1614 2134 et
1630 2104 1663 2134 in

212 2145 304 2185 mari,
320 2150 349 2176 et
364 2147 483 2177 solicita
498 2151 541 2177 est
558 2149 594 2177 de
610 2152 675 2178 toto
691 2149 814 2178 mundo.

818 2226 856 2236 oo
860 2226 1047 2237 emma·

215 2285 318 2316 Multi
332 2290 417 2316 vett.
430 2296 538 2316 summ.
562 2288 659 2316 locum
675 2286 731 2317 sib.
747 2291 781 2316 et
795 2288 928 2326 plurimi
944 2288 1187 2325 sib.s‹¹cit.—-lss
1210 2290 1326 2319 Patent
1339 2298 1379 2319 ex
1393 2291 1502 2329 quart.
1520 2285 1613 2318 Med.
1629 2290 1665 2317 et

214 2327 344 2358 dnobus
363 2329 435 2358 aliis
453 2338 513 2368 pro
527 2329 617 2367 vulg.
635 2332 733 2368 patet.
756 2330 847 2360 'l'unc
868 2340 919 2360 ore
942 2332 1270 2370 p1·ol)atGruterus;
1294 2332 1383 2371 vulg.
1400 2332 1559 2361 ‹era-49
1580 2329 1664 2361 Jun.

214 2379 325 2400 murm.
336 2371 548 2409 linguan—51
565 2372 601 2400 M
608 2372 680 2409 ulti,
692 2372 789 2401 ultus:
801 2372 894 2402 Leid.
908 2377 987 2404 tert.
998 2384 1017 2403 a
1028 2384 1126 2404 manu
1140 2371 1258 2414 prima,
1268 2378 1364 2412 actas,
1375 2383 1439 2403 non
1450 2371 1663 2412 improbante

214 2411 414 2443 Burrus-53
434 2413 546 2443 Tenent
561 2423 601 2443 ex
617 2414 762 2453 quinque
778 2415 913 2453 scriptis
929 2425 937 2451 ;
953 2417 1040 2455 vulg.
1054 2419 1231 2447 temt.—-54
1247 2416 1392 2447 Str-ozzae
1405 2415 1572 2453 liber,cum
1583 2413 1665 2443 veris

210 2454 427 2493 paritez—56
442 2455 588 2486 Quidam
600 2465 686 2485 serm.
700 2459 885 2486 nurus.—57
902 2457 1156 2489 PlurimiCodd.
1166 2465 1200 2489 et
1214 2457 1371 2496 Edd.fer.
1383 2457 1548 2488 aliia—60
1559 2456 1664 2486 Bero-

214 2495 271 2527 lin.
286 2498 625 2537 prosternatique.—61
645 2499 763 2538 Repens
775 2499 816 2528 de
831 2509 890 2529 suo
902 2499 1018 2530 Heius.
1034 2501 1129 2531 dedit
1142 2511 1203 2541 pro
1217 2501 1304 2540 vulg.
1316 2510 1432 2531 recens.-
1448 2500 1479 2529 in
1491 2508 1556 2529 uno
1566 2496 1663 2529 Leid.

213 2544 288 2569 erat
314 2549 430 2570 nocens.
475 2540 607 2570 Deinde
636 2540 677 2570 N.
707 2545 790 2571 auct.
812 2546 1032 2573 susurra—63
1061 2544 1212 2575 Berolin.
1247 2543 1376 2583 requirit
1391 2553 1404 2580 ‚·
1440 2546 1475 2572 et
1503 2539 1662 2572 Meuard.

867 2637 898 2666 N
904 2637 1005 2667 OTAE

257 2711 297 2739 62
316 2709 388 2749 Ipsa
406 2709 496 2750 quid]
521 2710 801 2750 Famigerationis
814 2710 910 2750 filios,
965 2712 1206 2752 Megaronides
1234 2713 1269 2744 in
1297 2712 1411 2743 Plauti
1447 2711 1660 2743 Trinummo:

215 2759 399 2800 coenipetas
436 2760 601 2801 forenses,
632 2761 720 2793 belle
756 2761 912 2802 depingit
966 2762 975 2779 ‘
992 2762 1110 2794 Sciunt
1126 2762 1173 2803 id,
1187 2763 1277 2804 quod
1303 2763 1338 2794 iu
1354 2771 1469 2794 aurem
1491 2771 1552 2794 rex
1575 2761 1662 2802 regi-
