1831 3023
235 179 350 223 1426

238 285 358 327 Dum
378 284 565 334 dubitat,
588 295 677 337 quo
696 285 835 323 mutet
853 294 953 326 eos:

728 190 769 219 P.
798 188 879 219 ovl
889 188 956 218 DII
990 186 1204 218 NASONIS

987 281 1043 321 ad
1062 293 1225 322 cornua
1244 280 1415 323 vultum
1603 280 1688 322 235

236 353 399 402 Flexit,
419 356 462 393 et
477 352 703 393 admonita
721 355 787 392 est
806 351 904 390 haec
925 349 1014 389 illis
1032 362 1165 402 posse
1186 349 1372 401 relinqui
1389 361 1401 399 ;

236 420 520 473 Grandiaque
539 421 581 460 in
602 424 752 459 torvos
773 416 1052 458 transformat
1068 419 1259 459 membra
1268 417 1502 471 juvencos.

509 677 626 718 ΕΑΒ.
655 677 770 719 VII.

829 677 1114 732 Propoetides
1134 678 1178 719 in
1200 677 1407 732 Lapides.

232 789 484 826 Pnoummns,
499 786 576 818 filiae
593 786 846 825 Amathunteae,
868 791 1057 826 aspernatae
1074 787 1258 825 Venerem,
1272 787 1388 827 primae
1405 786 1438 817 in
1457 785 1558 817 trivio
1574 786 1689 827 vulga-

276 852 355 873 vere
371 850 525 882 corpora.
550 839 607 870 Ob
622 838 773 879 ejusdem
791 839 877 868 Deae
893 837 989 878 iram,
1001 838 1079 878 quia
1094 838 1223 878 pudore
1239 839 1473 880 induruerant,
1487 840 1520 870 in
1536 839 1686 880 lapidem

274 895 455 926 novissime
471 898 549 925 sunt
565 891 828 932 transfiguratae.

231 982 381 1040 SUNT
404 1003 550 1038 tamen
570 996 794 1036 obscoenae
815 993 1034 1036 Venerem
1055 993 1343 1048 Propoetides
1364 1007 1483 1037 ausae

232 1065 344 1105 Esse
366 1076 522 1117 negare
543 1062 714 1103 Deam:
744 1073 826 1114 pro
848 1074 936 1114 quo
957 1074 1055 1111 sua,
1075 1061 1264 1102 numinis
1284 1062 1364 1112 ira,

232 1132 432 1186 Corpora
453 1144 549 1172 cum
566 1129 704 1170 forma
721 1130 874 1183 primae
894 1129 1096 1181 vulgasse
1110 1129 1320 1169 feruntur.

1599 1127 1686 1170 240

231 1199 379 1253 thue
397 1197 536 1252 pudor
557 1197 701 1246 cessit,
721 1195 987 1249 sanguisque
1009 1195 1202 1236 induruit
1222 1195 1328 1245 oris,

232 1267 286 1309 In
307 1266 494 1319 rigidum
511 1277 651 1318 parvo
672 1263 842 1304 silicem
862 1262 1112 1304 discrimine
1131 1275 1291 1305 versae.

231 1433 288 1464 quo
299 1424 386 1454 vultu
401 1432 451 1453 eos
466 1425 579 1460 vertat,
593 1423 752 1461 detorquet
760 1421 879 1459 faciem
894 1422 934 1451 ad
955 1430 1080 1460 cornua,
1095 1425 1185 1462 atque
1200 1420 1360 1452 admonitu
1380 1425 1426 1452 est
1441 1421 1506 1453 haec
1517 1430 1606 1462 posse
1622 1421 1685 1453 inis

231 1466 364 1506 relinqui
378 1476 386 1496 .·
410 1469 440 1495 et
456 1468 555 1495 mutat
572 1468 674 1495 vastos
687 1467 776 1494 artus
789 1465 822 1494 in
837 1467 940 1494 truces
945 1463 1105 1502 juvencos.

275 1518 341 1540 vu.
367 1508 483 1538 Tamen
501 1510 606 1547 turpes
630 1507 824 1547 Propoetz'des
848 1517 907 1537 non
929 1509 1001 1537 sunt
1025 1506 1134 1537 veritoe
1153 1506 1289 1548 inficiari
1321 1507 1466 1538 Venerem
1482 1516 1544 1537 esse
1562 1506 1684 1538 Deam.-

231 1551 426 1592 quamobrem
440 1551 504 1588 ejus
518 1550 568 1580 ira
582 1550 728 1580 dicuutur
741 1549 852 1588 primae
865 1549 899 1579 in
912 1550 1073 1588 propatulo
1084 1549 1224 1580 habuisse
1234 1559 1360 1589 corpora
1367 1559 1436 1581 cum
1442 1549 1683 1590 pulchritudine.

230 1595 401 1634 Postquam
415 1597 518 1623 autem
530 1593 631 1631 pudor
643 1592 757 1630 ejectus
771 1594 827 1631 est,
848 1594 878 1622 et
893 1591 1019 1629 sanguis
1033 1591 1096 1621 oris
1118 1592 1268 1631 diriguit,
1286 1595 1414 1623 mutatoe
1433 1595 1506 1623 sunt
1526 1592 1558 1623 in
1574 1593 1684 1623 durum

229 1646 340 1667 saxum
356 1636 415 1666 levi
429 1634 616 1665 discrimine.

842 1726 1077 1738 eeeeeeeeaeeew·

230 1808 336 1838 —233
354 1805 513 1838 Heidelb.
528 1806 607 1836 med.
624 1808 669 1836 est
686 1807 885 1835 mora—237
898 1803 1048 1835 Berolin.
1061 1806 1096 1834 et
1108 1802 1271 1834 Heidelb.
1287 1807 1365 1834 tor-v.
1376 1805 1684 1835 transmutat.-238

230 1849 350 1881 Urbin.
366 1849 441 1880 Ven.
453 1849 675 1889 Propretz'des5
691 1848 785 1879 Med.
801 1848 1104 1887 Propaeidas.-239
1127 1846 1195 1882 Quo
1209 1846 1327 1877 Heius.
1344 1846 1441 1878 dedit
1455 1855 1497 1877 ex
1520 1856 1570 1887 pr.
1586 1845 1630 1877 V.
1647 1849 1684 1876 et

230 1892 322 1931 aliis3
345 1892 436 1932 vulg.
457 1893 634 1932 qua.—-240
658 1891 774 1922 Burm.
797 1891 913 1921 mallet
935 1900 1003 1921 cnm
1017 1888 1118 1928 sama.
1153 1889 1287 1920 Deinde
1300 1889 1449 1920 Berolin.
1462 1889 1679 1929 primm—241

229 1935 393 1967 Nonnulli
402 1934 531 1973 sanguis
539 1934 642 1966 indur.
653 1934 774 1965 omisso
783 1943 850 1974 que.
866 1934 886 1966 J
893 1942 946 1964 un.
956 1933 1060 1964 indur.
1069 1931 1285 1964 omnim—243
1296 1932 1421 1963 Crimen
1433 1941 1475 1962 ex
1485 1930 1681 1963 melioribus

885 2038 1027 2071 NOTAE

271 2131 335 2160 237
366 2126 533 2166 Juvencos]
579 2127 669 2159 Quia
699 2125 741 2157 ad
775 2128 924 2156 aratrum

229 2178 342 2210 coacti
371 2177 404 2207 in
424 2176 587 2216 juvencos
606 2179 751 2206 mutatos
774 2174 926 2205 nonnulli

229 2229 422 2260 voluerunt.

272 2281 334 2310 240
362 2275 524 2316 Vuzgasse]
547 2274 683 2306 Fabulae
700 2275 808 2305 locum
828 2274 924 2305 dedit

229 2328 430 2371 Cypriarum
442 2327 627 2368 puellarum
640 2325 923 2366 turpitudo,quae,

230 2384 267 2410 ut
291 2377 486 2410 Herodotus
512 2381 549 2408 et
576 2376 732 2409 ,lustinus
759 2375 923 2415 referunt,

230 2429 383 2470 corporis
418 2431 552 2469 quaestu
587 2426 701 2458 dotem
727 2436 923 2466 comparare

229 2479 336 2512 solitae
352 2482 459 2511 erant.
489 2479 541 2510 Ex
557 2487 598 2510 eo
613 2481 740 2518 autem,
751 2477 839 2520 quod
856 2477 922 2508 inae

978 2123 1123 2154 Veneris
1152 2122 1202 2153 ira
1240 2122 1282 2153 ad
1322 2120 1488 2163 flagitium
1518 2121 1680 2153 dicuntur

978 2173 1188 2213 prostitutae,
1222 2172 1332 2202 Deum
1365 2171 1415 2202 sui
1448 2176 1678 2203 contemtores

978 2233 1039 2263 per
1063 2223 1238 2253 libidinem
1268 2221 1400 2262 punire,
1425 2221 1479 2252 cui
1503 2221 1580 2252 illos
1600 2231 1677 2262 per-

976 2274 1095 2313 mittit,
1110 2274 1190 2304 licet
1207 2273 1382 2312 colligere.

1019 2328 1079 2356 241
1105 2323 1266 2364 Indumit]
1288 2324 1338 2354 Ut
1361 2323 1437 2354 hinc
1461 2332 1530 2354 non
1546 2324 1638 2363 prius
1655 2333 1675 2353 a

977 2377 1054 2407 Deo
1070 2375 1220 2406 homines
1243 2375 1329 2406 scias
1353 2373 1507 2413 destitui,
1523 2383 1623 2415 quam
1639 2374 1677 2406 in·

976 2426 1043 2458 suis
1059 2425 1254 2458 criminibus
1269 2424 1502 2457 obdurueriut.
