1831 3023
260 193 373 235 1090

257 297 287 339 J
290 299 494 353 ugeribus
514 299 729 342 distentus
751 305 857 343 erat.

743 206 786 237 P.
818 206 978 238 ovmu
1012 206 1227 242 NASONIS

915 302 1034 351 Tibi,
1054 302 1257 351 Tantale,
1278 302 1410 345 nullae

258 366 597 420 Deprendnntur
617 381 772 421 aquae;
805 381 993 422 quaeque
1012 370 1222 418 imminet,
1241 368 1392 422 effugit
1415 370 1558 413 arbos.

257 432 348 474 Aut
367 435 497 487 petiS‚
520 441 593 475 aut
615 449 742 487 urges
764 436 987 486 ruiturum,
1010 436 1213 490 Sisyphe,
1236 449 1414 478 saxum.

256 500 466 542 Volvitur
486 501 632 550 Ixion,
656 509 698 543 et
714 516 762 543 se
783 504 1063 556 sequiturque
1086 502 1295 555 fugitque.

258 566 494 622 Molirique
517 571 609 609 suis
629 571 765 611 letum
785 571 1060 624 patruelibus
1082 583 1221 618 ausae,

258 633 466 675 Assiduae
485 642 700 689 repetunt,
723 650 835 690 quas
858 637 1059 690 perdant,
1088 636 1261 677 Belides
1282 636 1438 677 undas.

255 793 360 814 novem
381 783 508 823 jugera.
555 787 693 826 Tantale,
718 789 809 818 nullae
835 798 922 828 aquae
948 798 967 818 α
988 791 1020 819 te
1042 788 1253 827 inveniuntur,
1276 792 1306 820 et
1330 788 1422 819 arbor
1447 797 1517 829 quoe
1540 787 1711 830 impendet,

255 826 382 872 recedit.
428 828 493 858 Aut
506 829 599 868 petis,
611 833 665 859 aut
677 839 834 870 promoves
848 831 980 870 lapidem
1001 832 1169 870 ruiturum,
1185 831 1326 871 Sisyphe.
1372 831 1466 861 Ixion
1480 833 1616 871 rotatur,
1628 834 1659 862 el
1675 840 1710 863 se

256 871 335 899 ruat
351 872 380 900 et
395 873 494 908 urget.
540 871 585 901 Et
601 871 727 903 Belides
742 883 801 903 non
815 874 922 904 verz'toe
935 883 1048 913 parare
1072 884 1174 905 necem
1188 875 1253 905 suis
1267 874 1458 914 patruelibus
1472 873 1602 905 intente
1624 882 1709 914 repe·

257 1034 335 1072 bus-5
368 1036 454 1067 unde
477 1037 595 1068 Heins.
611 1040 698 1080 conj,
734 1040 1007 1080 peccabant—¹157
1032 1041 1198 1072 Distentas
1221 1050 1270 1081 pr.
1299 1039 1393 1071 Med.
1422 1038 1554 1069 Arund.
1583 1041 1619 1069 et
1642 1035 1712 1068 duo

257 1077 333 1115 alii3
366 1079 457 1118 vulg.
490 1080 776 1113 distractus.—458
800 1083 972 1114 Gebhard.
998 1084 1170 1123 Crepund.
1196 1092 1239 1114 ιι.
1270 1086 1320 1114 16.
1353 1082 1586 1121 Depraeduntur
1611 1089 1712 1120 aquoe.

257 1120 355 1150 Cant.
367 1120 479 1155 arbos‚·
501 1127 537 1152 et
552 1123 601 1154 sic
614 1124 740 1155 Thuan.
768 1134 819 1164 pr.
847 1124 978 1155 Erfurt.
995 1130 1031 1156 et
1055 1126 1121 1156 duo
1147 1126 1219 1163 alii3
1257 1127 1350 1165 vulg.
1371 1124 1582 1155 arbon—459
1606 1121 1712 1153 Multi

256 1161 375 1201 scripti
405 1164 588 1203 rediturum,
616 1165 868 1205 Sisyphe.—462
894 1167 995 1207 Vulg.
1026 1168 1159 1198 Assiduae
1183 1171 1336 1207 repetunt,
1366 1176 1432 1206 quoe
1465 1166 1616 1205 perdunt,
1639 1163 1712 1195 Bel.

257 1204 344 1243 qnod
361 1205 450 1244 Dan=
465 1205 585 1236 Heius.
601 1207 759 1236 emendat
773 1209 845 1238 Ass.
860 1212 1018 1246 reget-unt,
1030 1219 1106 1247 quas
1126 1211 1270 1248 perdunt,
1286 1209 1358 1239 Bel.
1375 1208 1494 1239 Heius.
1511 1216 1590 1238 vero
1606 1209 1712 1237 testa-

918 1308 1058 1339 NOTAE

256 1400 369 1422 sorum
390 1390 558 1422 scelerum
574 1390 766 1422 recordatio
788 1390 954 1432 intelliga-

258 1446 324 1472 tur.

315 1490 506 1531 Novemque]
545 1490 683 1522 Placuit
721 1490 809 1521 istud
848 1491 956 1532 poetis

257 1550 364 1581 prope
380 1541 550 1579 omnibus;
575 1545 677 1581 atque
697 1540 746 1571 his
762 1550 881 1572 novem
900 1542 956 1581 ju-

257 1590 391 1629 geribus
426 1595 552 1621 terram
581 1591 615 1621 in
649 1600 774 1631 genere
812 1591 957 1632 intelligi

256 1640 437 1671 voluerunt
450 1641 646 1681 mythologi,
658 1651 757 1682 quam
769 1641 843 1681 Tity
850 1652 885 1672 us
898 1651 956 1673 seu

254 1690 371 1722 Tritici
389 1691 535 1721 calamus
551 1696 711 1731 occupet,
729 1701 827 1731 quem
845 1692 878 1722 in
894 1702 957 1723 coe-

255 1741 325 1769 lum
341 1739 570 1780 insurgentem
587 1740 644 1770 Sol
667 1741 713 1770 ita
728 1740 769 1770 ad
786 1741 957 1772 maturita-

256 1794 327 1819 tem
352 1790 525 1829 perducit,
553 1795 591 1820 ut
612 1790 749 1820 tandem
766 1799 785 1820 a
801 1791 956 1821 messori-

256 1838 318 1869 bus
336 1842 584 1878 prosternatur.

298 1891 361 1920 457
378 1888 520 1930 Tantale]
540 1890 616 1921 Fuit
629 1890 684 1921 hie
700 1891 793 1921 avari
810 1892 885 1922 loco
902 1891 957 1922 de-

255 1939 792 1978 cantatissimusTantalus,Jovis
801 1950 843 1970 ex
856 1941 958 1970 Plote

255 1990 404 2029 nympha
419 1989 520 2028 filius,
534 1990 592 2029 qui
619 1996 757 2030 propter
781 1991 955 2029 garrulita-

255 2045 337 2079 tem,
360 2040 514 2070 Deorum
530 2040 671 2070 secretis
695 2040 727 2069 in
750 2041 868 2079 vulgus
886 2050 958 2080 pro-

255 2089 347 2129 latis,
372 2089 426 2119 vel
453 2090 529 2130 quia
557 2090 722 2129 Pelopem
748 2089 855 2120 filium
883 2090 958 2120 Diis

256 2138 458 2180 epulandum
477 2138 648 2179 apposnit,
671 2139 734 2169 hac
752 2148 852 2178 poena
868 2139 958 2179 apud

253 2187 388 2220 Inferos
402 2195 454 2219 est
469 2190 664 2228 mulctatus,
680 2194 719 2220 ut
734 2189 823 2220 inter
843 2189 958 2229 epulas

254 2238 354 2278 fame,
367 2238 402 2269 in
418 2239 535 2269 mediis
559 2240 654 2279 aquis
671 2240 725 2270 siti
749 2244 956 2280 torqueatur,

254 2288 347 2320 silice
383 2288 520 2329 insuper
552 2289 688 2320 cadenti
721 2289 821 2320 simili
849 2290 955 2320 immi-

253 2344 370 2370 uente.

296 2391 360 2419 458
384 2389 498 2428 Arbos]
520 2390 584 2420 Vel
602 2399 713 2430 poma,
726 2400 801 2431 quae
814 2390 871 2421 ille
887 2396 955 2421 stu-

254 2438 315 2469 det
327 2448 480 2479 carpere.

295 2491 360 2520 459
382 2488 529 2530 Sisyphe]
553 2490 635 2521 AEoli
653 2489 717 2521 fuit
739 2490 840 2530 filius,
855 2491 953 2522 latro-

256 2539 346 2571 cinio
362 2539 506 2578 infamis,
530 2551 629 2581 quem
643 2541 792 2571 Theseus
808 2540 953 2571 detrusit

257 2590 299 2621 ad
315 2589 523 2629 Inferos‚ubi
534 2602 651 2623 saxum
665 2593 764 2623 habet
778 2592 819 2622 ad
833 2593 953 2623 montis

257 2641 421 2672 verticem
434 2643 693 2682 devolvendum,
706 2642 792 2683 quod
805 2643 954 2673 simulac

255 2690 292 2722 iu
322 2692 534 2724 ascendendo
560 2695 709 2734 elapsum
739 2699 792 2724 est
821 2693 954 2732 cogitur

257 2744 427 2785 repetere.
449 2743 524 2775 Qua
536 2742 654 2775 fabula
665 2753 733 2775 non
749 2743 837 2775 male
853 2742 956 2784 pluri-

1009 1401 1139 1422 morum
1164 1391 1333 1422 hominum
1359 1391 1541 1422 damnatur
1562 1390 1718 1430 insania;

1010 1442 1067 1482 qui
1083 1442 1244 1473 fratribus
1266 1442 1332 1472 suis
1348 1440 1475 1479 infesti,
1492 1441 1648 1482 sibiipsis
1663 1442 1714 1472 in-

1010 1492 1084 1532 visi,
1101 1493 1200 1524 vitam
1229 1502 1320 1523 suam
1350 1492 1472 1522 misere
1500 1501 1562 1532 per
1588 1492 1714 1523 nullius

1011 1552 1089 1573 usus
1105 1543 1284 1574 latrocinia
1295 1542 1507 1583 disperdunt.
1716 1574 1719 1575 γ

1052 1595 1115 1624 460
1140 1593 1248 1633 Ixion]
1291 1593 1346 1623 De
1373 1592 1437 1623 hoc
1461 1592 1613 1632 Phlegiae
1639 1591 1712 1624 filio

1011 1643 1060 1674 sic
1074 1643 1239 1682 Tibullus,
1262 1644 1272 1660 ⁴
1290 1643 1366 1673 {llic
1383 1642 1553 1674 Junonem
1576 1646 1714 1674 tentare

1012 1693 1138 1724 Ixionis
1162 1693 1234 1724 ausi
1265 1693 1456 1723 Versantur
1481 1691 1583 1722 celeri
1609 1690 1714 1723 noxia

1010 1743 1160 1773 membra
1176 1745 1272 1773 rota.’
1310 1742 1424 1782 Atque
1440 1741 1527 1771 hanc
1543 1740 1713 1772 ambitiosi

1012 1791 1138 1821 Ixionis
1156 1791 1327 1821 historiam
1354 1791 1491 1830 partim,
1518 1789 1640 1830 partim
1663 1788 1713 1821 fa-

1011 1840 1124 1870 bulam
1151 1840 1366 1880 argutissime
1397 1840 1512 1870 volunt
1545 1839 1714 1878 ejusmodi

1012 1889 1180 1919 hominum
1191 1890 1346 1919 miseram
1355 1893 1390 1919 et
1402 1887 1579 1918 ridiculam
1587 1892 1714 1920 sortem

1013 1938 1213 1977 exprimere.

1057 1987 1101 2016 Et
1119 1995 1150 2015 se
1168 1986 1320 2025 sequitur]
1353 1985 1453 2024 Vide,
1465 1996 1591 2026 quaeso,
1611 1996 1712 2027 quam

1014 2036 1098 2066 bene
1135 2041 1218 2066 rotae
1248 2041 1333 2066 actae
1371 2036 1559 2066 miserrimo
1585 2036 1713 2068 homini

1013 2086 1126 2124 affixo,
1139 2092 1238 2127 atque
1262 2087 1371 2118 eidem
1390 2087 1589 2118 stultissimo
1606 2088 1714 2120 ambi-

1015 2141 1109 2177 tioso,
1125 2139 1213 2169 istud
1231 2145 1410 2179 congruat.

1055 2191 1116 2219 462
1151 2189 1291 2228 Belides]
1344 2189 1418 2219 Beli
1459 2189 1541 2220 uicit
1578 2193 1714 2230 neptes,

1010 2239 1120 2269 Danai
1148 2239 1233 2270 filias
1259 2239 1513 2280 quinquaginta,
1538 2250 1627 2280 quae,
1653 2249 1710 2271 ex-

1009 2295 1109 2330 cepta
1126 2300 1190 2320 uua
1203 2290 1486 2330 Hypermnaestra
1503 2292 1637 2330 Lynceo
1651 2300 1724 2329 suto,

1009 2349 1076 2369 non
1093 2340 1140 2370 sic
1154 2340 1295 2379 crudeli,
1310 2340 1408 2370 sicuti
1424 2341 1456 2369 in
1481 2341 1552 2380 ejus·
1567 2340 1712 2381 epistola

1010 2389 1166 2427 vidimus,
1177 2399 1291 2420 omnes
1308 2390 1479 2429 patrueles
1492 2400 1580 2427 suos,
1592 2390 1711 2430 quibus

1010 2446 1207 2480 nupserant,
1239 2440 1343 2479 patris
1375 2441 1502 2470 monitu
1533 2440 1713 2480 jugulave-

1010 2495 1087 2520 runt
1100 2500 1109 2527 ;
1134 2492 1349 2530 quamobrem
1363 2489 1488 2520 dolium
1502 2489 1712 2530 perforatum

1010 2551 1097 2581 aqua
1121 2550 1162 2569 ex
1188 2539 1450 2580 profundissimo
1474 2547 1578 2580 puteo
1601 2539 1712 2581 petita

1010 2590 1098 2631 apud
1108 2590 1230 2621 inferos
1241 2591 1365 2620 habeut
1376 2592 1588 2630 replendum.
1600 2591 1711 2623 Quam

1009 2640 1156 2671 fabulam
1192 2641 1369 2671 Lucretius
1404 2640 1448 2672 ad
1483 2642 1570 2672 hanc
1605 2640 1710 2671 vitam

1009 2691 1165 2731 retraxit,
1180 2691 1345 2732 siquidem
1357 2691 1428 2732 ejus
1443 2689 1609 2723 fructibus
1625 2698 1710 2722 nun-

1007 2751 1108 2784 quam
1122 2742 1325 2782 repleamur.
