1831 3023
216 248 328 291 1554
674 237 676 239 ’
697 256 740 285 P.
773 252 932 283 ovum
965 251 1183 283 NAsours,

217 353 314 394 Nec
335 356 478 394 tamen
497 350 697 399 ulterius,
719 361 854 402 quam
874 347 1000 388 fortia
1019 348 1136 388 facta
1156 345 1340 396 silendo,
1579 344 1666 385 575

217 419 420 460 Ulciscar
439 419 621 459 fratres:
654 417 795 456 solida
815 419 880 455 est
900 414 1004 454 mihi
1027 415 1165 467 gratia
1187 419 1344 454 tecum.

274 487 390 527 Haec
411 489 645 538 postquam
666 483 781 522 dulci
804 481 988 521 Neleius
1007 481 1141 521 edidit
1162 493 1261 531 ore;

219 553 262 594 A
285 565 480 594 sermone
500 551 632 599 senis,
653 549 833 602 repetito
853 561 1027 588 munere
1049 548 1230 595 Bacchi,

222 621 455 661 Surrexere
475 618 584 658 toris
602 631 611 658 :
641 630 731 657 nox
750 620 819 656 est
838 615 942 656 data
963 620 1107 656 cetera
1127 626 1294 656 somno.

516 815 634 854 ΕΑΒ.
665 813 751 853 VI.
810 812 973 863 Apollo
995 813 1040 852 in
1061 811 1373 853 Alexandrum.

228 901 436 941 NEPTUNUS,
453 901 603 941 graviter
618 899 731 930 ferens
743 900 894 939 Cycnum
911 898 1017 928 filium
1031 898 1073 928 ab
1089 898 1221 929 Achille
1233 898 1407 937 occidisse,
1424 902 1459 928 et
1476 896 1674 935 Hectorem,

269 953 478 985 defensorem
496 962 635 993 operum
661 962 735 993 quae
759 952 832 991 ipse
857 951 1040 991 posuisset,
1067 950 1108 980 ab
1126 949 1285 989 Apolline
1311 949 1402 979 socio
1423 948 1549 979 laboris
1575 948 1675 990 petit,

267 1007 424 1047 quoniam
440 1006 505 1036 sibi
521 1016 586 1036 non
602 1006 754 1044 daretur,
781 1009 818 1035 ut
844 1004 994 1035 cominus
1020 1012 1095 1033 cum
1121 1012 1160 1033 eo
1186 1002 1350 1042 congredi
1375 1004 1498 1041 posset,
1523 1006 1561 1032 ut
1583 1002 1674 1032 ultor

270 1060 446 1090 existeret.
471 1059 517 1089 At
528 1059 596 1098 ille,
611 1058 733 1088 auditis
751 1057 909 1098 precibus
920 1057 1000 1097 ejus,
1012 1056 1183 1086 immixtus
1200 1055 1284 1094 acie,
1296 1055 1447 1095 nullique
1461 1053 1676 1094 conspicuus,

266 1121 380 1144 areum
393 1112 579 1144 Alexandri
594 1112 625 1142 in
640 1111 809 1142 Achillem
825 1110 1008 1148 convertit,
1025 1114 1062 1140 ut
1078 1109 1217 1149 sagittas
1234 1109 1267 1138 in
1284 1117 1360 1139 eum
1377 1107 1524 1147 dirigere
1540 1109 1674 1146 posset:

267 1166 438 1207 talumque
452 1165 556 1206 (quod
571 1163 637 1195 fuit
652 1165 684 1195 in
701 1165 771 1205 ejus
788 1173 932 1203 corpore
948 1160 1106 1202 mortale)
1123 1162 1292 1202 percussit
1307 1165 1342 1192 et
1358 1159 1539 1191 interemit.

225 1229 317 1285 A'r
339 1245 481 1294 Deus,
505 1257 729 1297 aequoreas
751 1245 826 1297 qui
848 1243 1027 1297 cuspide
1047 1246 1259 1296 temperat
1276 1242 1429 1293 undas,
1593 1239 1678 1282 580

228 1312 279 1352 In
298 1313 523 1353 volucrem
544 1325 704 1365 corpus
725 1311 817 1351 nati
839 1309 1118 1351 Stheneleida
1137 1322 1309 1350 versum

227 1379 378 1420 Mente
399 1380 518 1421 dolet
538 1380 706 1432 patria:
738 1390 989 1431 saevumque
1010 1389 1192 1430 perosus
1213 1375 1414 1416 Achillen

227 1446 415 1486 Exercet
433 1459 658 1495 memores,
681 1447 781 1498 plus
804 1458 934 1498 quam
959 1445 1159 1493 civiliter,
1180 1444 1285 1483 iras.

227 1511 417 1565 Jamque
436 1512 524 1553 fere
545 1516 684 1552 tracto
707 1511 795 1551 duo
816 1524 896 1564 per
918 1510 1215 1563 quinquennia
1233 1509 1365 1559 bello,

226 1579 412 1619 Talibus
429 1579 644 1619 intonsum
666 1579 899 1631 compellat
919 1578 1155 1631 Smynthea
1175 1576 1305 1617 dictis
1323 1590 1332 1617 :
1595 1574 1681 1616 585

229 1688 330 1716 tamen
346 1684 475 1715 ulciscar
497 1685 619 1722 fratres
649 1684 780 1723 amplius
808 1693 899 1722 quum
927 1684 1054 1712 tacendo
1083 1683 1211 1721 pulchra
1230 1681 1397 1719 facinora.-
1419 1681 1527 1720 gratia
1545 1681 1589 1709 est
1605 1678 1682 1708 mihi

226 1728 354 1764 integra
367 1729 476 1757 tecum.
522 1727 689 1766 Postquam
706 1725 834 1756 Neleius
848 1725 911 1755 lucc
926 1725 1053 1763 protulit
1071 1724 1159 1753 suam·
1179 1733 1244 1760 ore,
1260 1725 1338 1753 dono
1356 1723 1476 1753 Bacchi
1491 1721 1632 1761 repetite,
1643 1719 1682 1751 ab

228 1768 365 1798 oratione
375 1768 505 1798 senioris
519 1778 538 1798 α
552 1777 653 1798 mensu
668 1770 865 1798 recesserunt.
911 1766 1043 1805 Reliqua
1059 1775 1122 1795 nox
1137 1769 1182 1796 est
1206 1775 1342 1795 concessu
1355 1765 1466 1805 sopori.

272 1819 336 1840 vn.
358 1810 403 1840 At
421 1811 506 1841 Deus
517 1810 568 1850 qui
585 1811 761 1840 moderatur
777 1810 911 1840 tridente
918 1808 1070 1849 fluctibus
1085 1807 1227 1846 marinis,
1250 1808 1330 1838 dolet
1352 1807 1454 1838 animo
1473 1808 1602 1846 paterno
1618 1813 1683 1835 cor-

226 1852 359 1892 pusfilii
373 1855 525 1883 mutatum
550 1853 582 1882 in
608 1862 694 1883 avem
725 1851 932 1882 Stheneleiam
945 1861 955 1887 ;
978 1854 1069 1890 utque
1100 1859 1210 1880 exosus
1235 1850 1383 1880 crudelem
1398 1849 1550 1880 Achillem
1564 1848 1682 1878 exercet

229 1894 385 1925 hostiliter
411 1895 475 1925 iras
504 1904 659 1926 memores.
704 1895 832 1934 Jamque
861 1893 935 1924 bello
957 1893 1029 1931 fere
1049 1893 1198 1932 producto
1222 1902 1279 1932 per
1305 1893 1407 1923 decem
1433 1901 1541 1931 annos,
1566 1889 1684 1931 affatur

839 1978 954 1991 coece-e
960 1976 1075 1989 terroe

230 2038 334 2075 culeis,
365 2047 381 2068 o
414 2037 536 2069 moal..-
573 2037 663 2068 unde
696 2037 816 2068 Heius.
839 2036 940 2067 deber.
970 2035 1233 2067 tibi...Herculeis
1262 2035 1363 2065 Rhod.
1409 2032 1553 2065 Plurimi
1582 2034 1685 2065 etiam

234 2080 333 2112 Rhod.
362 2082 489 2116 rector;
520 2084 556 2110 et
589 2089 648 2119 pro
680 2080 784 2110 classis
810 2078 876 2109 duo
904 2078 1146 2117 gentis.—575
1185 2077 1254 2107 Alii
1287 2078 1335 2107 Ne
1365 2079 1566 2107 tam—577
1604 2076 1685 2107 Jun.

233 2122 313 2152 Hoec
342 2123 501 2161 plusquam
531 2122 750 2152 dulci.—581
782 2121 882 2161 Vulg.
913 2120 1111 2155 samuelem,-
1147 2119 1190 2149 V.
1229 2123 1265 2149 et
1307 2119 1364 2148 alii
1392 2122 1474 2149 vett.
1497 2118 1685 2158 ⁴Cycneida;

233 2163 289 2192 alii
312 2163 581 2194 Phaethontida:
618 2163 773 2204 quaedam
795 2167 879 2193 vett.
911 2162 997 2193 Edd.
1025 2171 1100 2192 cum
1129 2161 1300 2192 Graevian.
1324 2160 1541 2190 Stheneleida:
1566 2160 1685 2191 Heius.

232 2203 448 2235 scribendum
476 2209 594 2236 censet
631 2206 886 2235 Ledeidu.-—-583
922 2205 1017 2235 Tert.
1047 2202 1140 2233 Med.
1182 2203 1298 2233 Exerc.
1330 2212 1492 2233 memorem
1505 2202 1684 2232 miram.—

233 2248 293 2276 585
319 2246 489 2286 Smynthea
515 2247 568 2277 hic
596 2247 773 2286 legendum
799 2246 886 2276 vidit
913 2245 1073 2275 Beroald.
1098 2244 1222 2276 Annot.
1247 2245 1289 2275 ad
1317 2244 1455 2275 Sueton.
1477 2253 1507 2274 c.
1525 2246 1576 2275 12.
1600 2244 1686 2276 Mss.

892 2307 1030 2338 NOTAE

233 2371 415 2403 interfecto
432 2372 607 2412 Licymnio
626 2372 742 2403 matris
758 2382 931 2412 germano,
987 2370 1083 2409 dicit,
1100 2371 1132 2400 in
1149 2380 1248 2412 quem
1261 2375 1407 2402 mutatus
1419 2371 1569 2402 Stheneli
1581 2370 1688 2411 filius3

232 2422 445 2461 Tlepolemus
458 2431 522 2452 una
537 2431 611 2452 cum
627 2422 738 2452 multis
753 2422 932 2453 comitibus
987 2421 1083 2460 cujus
1093 2421 1193 2451 etiam
1206 2421 1353 2452 volucris
1364 2421 1516 2461 Cycnum
1532 2422 1687 2462 Neptuni

235 2470 447 2511 profugerat,
475 2471 533 2502 ubi
571 2472 749 2511 imperium
787 2472 931 2511 adeptus
986 2471 1092 2501 filium
1116 2471 1260 2502 formam
1287 2471 1436 2503 induisse
1465 2481 1568 2512 supra
1602 2472 1686 2503 vidi·

236 2525 305 2552 est:
329 2525 433 2562 atque
445 2521 530 2552 adeo
540 2521 617 2552 inde
629 2531 704 2552 cum
713 2530 830 2551 novem
843 2522 932 2552 navi·
987 2529 1071 2553 mus,

236 2570 297 2600 bus
305 2570 347 2600 ad
360 2570 483 2601 bellum
493 2571 678 2611 Trojanum
688 2576 740 2601 est
752 2570 933 2611 protheum,
1030 2573 1090 2601 585
1106 2571 1292 2611 Smynthea]
1308 2570 1500 2611 Apollinem
1517 2571 1615 2611 dicit,
1631 2572 1687 2604 cui

236 2631 255 2651 a
270 2620 468 2661 Sarpedone
481 2621 747 2653 interficiendus,
988 2630 1007 2649 a
1037 2621 1200 2660 muribus,
1239 2621 1296 2661 qui
1331 2622 1543 2652 Cretensium
1573 2622 1690 2663 lingua.

279 2673 342 2701 580
362 2670 510 2711 Cuspide]
522 2671 697 2709 Tfidente,
712 2672 769 2712 qui
781 2672 935 2712 Neptuni
987 2669 1119 2709 Σμίνθιοι
1136 2672 1361 2712 appellantur,
1376 2673 1459 2703 illud
1483 2683 1602 2704 nomen
1628 2674 1688 2704 im·

236 2724 422 2759 sceptrum.
989 2722 1148 2761 positum.
1193 2722 1445 2762 Nugacissimas
1468 2724 1541 2764 ejus
1565 2733 1688 2764 cogno-

280 2772 342 2801 581
370 2769 527 2800 Volucrem
540 2768 751 2810 Stheneleida]
784 2769 936 2810 Cycnum
989 2772 1086 2804 minis
1103 2773 1251 2804 rationes
1267 2782 1324 2804 seu
1340 2771 1483 2814 fabulas,
1495 2783 1577 2816 quas
1593 2774 1689 2816 piget
