1831 3023
557 246 1024 279 METAMorzenosuoN
1061 248 1155 278 ms.
1191 247 1305 278 xiii.
1548 239 1660 281 1563

204 343 484 397 Naupliades
504 341 648 389 animi,
671 340 893 394 vitataque
914 343 1047 383 traxit
1061 342 1105 382 in
1127 342 1278 382 arma?

205 410 384 464 Optima
403 421 518 450 nunc
539 411 692 457 sumat,
713 409 790 460 qui
812 422 981 450 sumere
1002 410 1144 450 noluit
1164 409 1253 449 ulla
1271 421 1280 449 :

205 477 304 517 Nos
324 475 582 523 inhonorati,
604 478 645 514 et
666 473 790 514 donis
813 476 1084 528 patruelibus
1106 476 1217 525 orbi,

206 543 456 584 Obtulimus
477 542 553 595 qui
573 554 650 581 nos
672 541 728 581 ad
750 543 890 594 prima
910 544 1123 596 pericula,
1144 544 1293 584 simus.

204 609 352 663 Atque
372 611 535 650 utinam
557 612 631 649 aut
652 621 782 648 verus
801 608 919 649 furor
937 610 1024 657 ille,
1047 614 1122 650 aut
1143 609 1351 658 creditus,
1375 612 1491 650 esset
1509 621 1520 660 ;

205 676 303 717 Nec
327 689 476 717 comes
498 675 569 716 hic
590 675 805 728 Phrygias
827 688 1020 728 unquam
1041 677 1232 716 venisset
1253 677 1309 717 ad
1330 689 1453 717 arces

206 743 416 784 Hortator
433 742 670 782 scelerum!
702 755 787 782 non
808 747 866 790 te,
890 742 1095 783 Poeantia
1116 743 1278 795 proles,

205 809 470 863 Expositum
492 809 683 849 Lemnos
705 813 853 849 nostro
875 822 972 849 cum
993 810 1169 850 crimine
1188 809 1382 850 haberet.

202 875 292 926 Qui
312 889 425 917 nunc
455 876 527 930 (ut
547 874 809 929 memorant)
839 877 1128 929 sylvestribus
1149 876 1322 917 abditus
1341 877 1474 918 antris

203 942 326 984 Saxa
346 956 498 983 moves
520 944 697 995 gemitu,
724 942 1059 995 Laertiadaeque
1083 944 1291 995 precaris,

202 1009 316 1060 Quae
337 1011 519 1050 meruit:
551 1023 651 1063 quae
681 1009 739 1063 (si
763 1010 821 1050 Di
845 1008 967 1063 sunt)
996 1022 1086 1050 non
1106 1022 1221 1050 vana
1240 1009 1445 1062 preceris.

204 1077 259 1117 Et
278 1091 391 1118 nunc
414 1078 485 1117 ille
506 1077 660 1117 eadem
681 1077 810 1116 nobis
825 1076 998 1129 juratus
1020 1076 1064 1116 in
1085 1088 1222 1124 arma,

201 1144 331 1197 (Heu
346 1143 378 1198 !)
407 1157 508 1197 pars
527 1156 614 1184 una
636 1144 810 1195 ducum,
830 1155 918 1196 quo
939 1156 1187 1184 successore
1207 1143 1378 1196 sagittae

1605 409 1661 450 40

1607 1078 1663 1118 50

202 1263 409 1303 ditfigmenla
425 1264 544 1302 ingenii
560 1264 740 1302 meticulosi,
751 1267 840 1304 atque
856 1264 960 1304 rapuit
974 1265 1105 1294 inerma
1118 1265 1218 1295 vitata
1231 1262 1245 1295 ?
1263 1265 1354 1295 Nunc
1371 1267 1573 1304 consequatur
1583 1273 1663 1303 proe-

201 1306 395 1336 stantissima
411 1307 461 1346 qui
477 1307 628 1336 recusat-it
653 1316 761 1346 capere
776 1308 837 1336 ulla
850 1318 859 1337 .·
882 1317 936 1337 nos
959 1307 1105 1337 contemti
1124 1307 1230 1345 simus,
1244 1309 1336 1344 atque
1349 1307 1475 1346 spoliati
1489 1305 1666 1337 muneribus

198 1348 400 1388 pah-uelitum,
423 1349 474 1388 qui
490 1359 543 1378 nos
556 1349 719 1386 oly'ecimus
734 1350 843 1388 primis
857 1349 1100 1379 discriminibus.
1124 1350 1229 1388 Atque
1244 1349 1376 1386 utinam,
1391 1354 1444 1378 au!
1460 1349 1524 1378 liaec
1540 1348 1666 1379 vesania

203 1400 275 1421 vera
292 1390 422 1428 suisset,
448 1395 500 1421 aul
523 1392 641 1421 credita
658 1403 667 1426 ;
690 1401 785 1430 neque
807 1391 856 1420 hic
879 1401 985 1421 suasor
1000 1391 1203 1430 flagitiorum
1225 1400 1354 1430 unquam
1370 1391 1496 1420 accessit
1511 1390 1610 1420 socius
1623 1391 1665 1419 ad

201 1442 288 1463 arces
316 1432 486 1472 Trojanas!
498 1434 554 1473 fili
574 1433 722 1468 l’oeantis,
740 1433 870 1462 Lemnos
886 1443 944 1462 non
965 1436 995 1462 te
1013 1433 1143 1465 *haberet
1159 1433 1332 1471 esi-positum
1349 1442 1404 1470 per
1418 1435 1556 1462 nostrum
1563 1431 1665 1472 flagi-

201 1475 292 1505 tium.
339 1475 402 1510 Qui
414 1485 503 1510 nunc,
519 1476 576 1513 (ut
589 1475 766 1515 reserunt‚)
781 1474 951 1505 occultatus
965 1474 1117 1514 speluncis
1128 1474 1448 1514 sylvestribuqtangis
1462 1473 1564 1504 silices
1577 1483 1664 1513 ques-

203 1517 307 1551 tibus,·
328 1520 421 1557 atque
431 1520 521 1556 optas
541 1517 721 1548 Laertiadae
735 1517 844 1556 quibus
868 1517 982 1555 dignus
997 1519 1063 1546 est:
1085 1526 1151 1556 quoe
1167 1517 1240 1555 Dii,
1256 1516 1317 1546 Dii
1330 1515 1456 1553 saciant
1473 1526 1531 1546 non
1539 1515 1665 1554 frustra

203 1568 321 1590 voveas.
370 1560 415 1590 Et
430 1569 509 1590 nunc
524 1559 587 1600 ille,
602 1560 654 1599 qui
666 1559 994 1597 nobiscumjuraverat
1005 1559 1037 1589 in
1052 1560 1157 1590 eadem
1172 1568 1271 1599 arma,
1283 1559 1339 1589 heu
1351 1558 1366 1590 !
1378 1567 1452 1599 pars
1467 1569 1528 1589 una
1543 1560 1667 1598 ducum,

813 1642 1048 1654 eeeeeeeeeeee

202 1695 244 1723 39
267 1692 361 1724 Leid.
390 1693 433 1724 R.
465 1696 500 1723 et
527 1692 594 1723 duo
617 1692 674 1723 alii
695 1693 880 1732 jurataque:
915 1691 981 1722 duo
998 1691 1053 1722 alii
1071 1692 1236 1731 invitaque.
1283 1692 1322 1721 In
1338 1700 1379 1721 ex
1397 1691 1425 1723 Ι.
1443 1696 1479 1722 et
1495 1701 1554 1722 sex
1571 1692 1663 1730 aliis;

203 1735 292 1775 vulg.
309 1737 395 1765 ad.—
407 1738 449 1765 40
473 1735 541 1765 Pro
559 1745 636 1766 nunc
654 1735 706 1765 Fl.
723 1736 757 1765 S.
785 1734 894 1765 Marci
922 1745 996 1764 num
1023 1743 1084 1773 per
1109 1733 1424 1774 interrogationem.
1471 1734 1574 1764 Multi
1591 1734 1664 1774 quia

202 1780 366 1808 sums—42
394 1777 494 1808 Multi
513 1778 614 1808 etiam
638 1777 692 1807 hic
720 1777 793 1816 quia
818 1779 969 1807 nos-43
996 1775 1090 1806 Med.
1118 1780 1153 1806 et
1170 1776 1265 1806 Voss.
1282 1776 1360 1806 utin.
1375 1786 1437 1806 ver.
1460 1776 1569 1807 omiss.
1595 1780 1662 1809 aut.

202 1819 340 1851 Deinde
359 1829 442 1850 unus
461 1819 580 1850 Heins.
600 1819 693 1856 furor·
715 1819 775 1858 illi,
801 1819 890 1860 quod
918 1828 984 1849 non
1014 1817 1184 1858 improbat
1212 1819 1326 1849 Burni.
1343 1819 1368 1848 si
1387 1818 1574 1857 distinguas
1589 1824 1666 1859 post

195 1861 388 1899 surore-44
414 1862 502 1892 Ball.
520 1867 554 1892 et
571 1872 655 1892 unus
680 1861 798 1892 Heius.
826 1863 866 1892 ad
887 1863 1055 1892 oram—49
1081 1861 1257 1899 Nonnulli,
1274 1861 1320 1891 Di
1335 1861 1422 1897 sine,·
1447 1861 1596 1900 quidam,
1617 1861 1664 1892 Di

201 1905 295 1935 dent:
323 1905 443 1935 Heius.
460 1905 677 1943 emendabat,
689 1915 755 1944 quae
768 1904 826 1942 Di,
841 1904 890 1934 Di
904 1905 988 1942 dent,
1004 1914 1062 1934 non
1079 1913 1156 1933 tana
1166 1912 1217 1943 pr.
1235 1908 1305 1940 aut,
1321 1913 1399 1942 quoe,
1415 1903 1460 1933 Di
1473 1904 1558 1941 dent,
1575 1914 1592 1934 ο
1605 1913 1664 1934 non

202 1957 230 1978 v.
245 1956 294 1986 pr.
314 1947 372 1977 Pr.
389 1947 463 1977 Pal.
480 1952 515 1977 et
534 1947 623 1977 Mor.
641 1952 677 1977 et
693 1948 826 1978 Bouou-
844 1952 879 1977 et
897 1947 972 1977 Pat.
996 1952 1031 1976 et
1052 1946 1078 1976 l.
1096 1945 1179 1976 dant
1194 1946 1329 1985 preceris
1339 1955 1398 1985 pro
1412 1946 1500 1985 vulg.
1516 1946 1664 1985 precaris.

203 1992 287 2019 ——50
311 1989 354 2020 Ο.
372 1994 406 2020 et
422 1989 518 2020 Leid.
553 1990 597 2020 Ae
612 1993 784 2020 uuna-51
806 1989 999 2029 Naugerius
1013 1998 1102 2019 corr.
1128 1989 1173 2019 Et
1185 1998 1268 2028 pars.
1307 1988 1457 2019 Berolin.
1474 1989 1576 2019 etiam
1589 1998 1664 2029 pars

861 2074 1001 2106 NOTAE

202 2139 317 2181 itaque
346 2138 404 2180 qui
428 2139 502 2179 ejus
532 2139 717 2170 tentorium
750 2148 905 2180 perscru-

204 2194 371 2229 tarentur,
387 2200 406 2220 a
421 2189 540 2230 quibus
568 2199 684 2219 aurum
709 2189 902 2220 inventum:

202 2239 422 2282 quamobrem
469 2239 684 2276 Palamedes,
721 2244 905 2280 utcumque

207 2288 395 2321 immeritus
412 2288 582 2328 lapidibus
597 2289 738 2320 obrutus
756 2295 819 2321 est.

246 2342 288 2370 ³9
334 2338 542 2378 Naupliades]
610 2339 811 2371 Palamedes
853 2345 905 2371 est

206 2390 343 2430 Nauplii
359 2390 495 2420 Euboeae
513 2389 601 2429 regis
615 2388 716 2419 filius.

246 2444 288 2472 40
313 2439 458 2480 Optima]
491 2438 605 2470 Irouia
631 2443 683 2469 est
699 2448 774 2470 cum
800 2438 906 2480 iudig-

204 2491 342 2523 natione
359 2489 514 2519 maxima.

247 2544 288 2572 43
314 2542 417 2580 Atque
431 2539 565 2579 utinam]
593 2540 768 2570 Hactenus
786 2540 817 2570 in
831 2550 907 2571 con-

205 2594 362 2628 temtum,
380 2599 466 2621 nunc
479 2590 512 2620 in
526 2589 638 2620 odium
653 2590 739 2630 Ajax
753 2590 906 2630 Ulyssem

206 2640 376 2673 adducere
392 2640 520 2671 nititur.

248 2693 288 2722 45
348 2689 508 2729 I’oeantia]
557 2690 771 2720 Philocteteo
813 2689 908 2730 dicit,

207 2739 358 2772 Poeantis
372 2738 489 2779 filium,
511 2740 566 2770 cui
585 2739 752 2770 Hercules
775 2739 807 2769 in
827 2740 910 2771 OEta

207 2798 343 2825 arsurus
363 2789 512 2821 Lerna‘ae
541 2788 658 2830 hydrae
682 2787 762 2820 sene
787 2787 908 2821 tinctas

960 2139 1113 2178 sagittas,
1137 2138 1207 2168 sine
1235 2137 1354 2178 quibus
1369 2138 1470 2177 Troja
1496 2138 1573 2177 capi
1597 2146 1663 2168 non

962 2193 1090 2228 posset,
1117 2188 1271 2218 dederat.
1334 2187 1396 2218 Ille
1428 2192 1540 2218 autem
1567 2187 1664 2218 unius

960 2238 1094 2277 sagitta·
1121 2246 1201 2268 casu
1228 2237 1368 2267 vulnere
1386 2246 1485 2277 paene
1513 2237 1662 2268 immedi-

960 2288 1062 2319 cabili
1096 2288 1182 2329 pede
1224 2288 1370 2327 saucius,
1409 2297 1486 2318 cum
1522 2293 1664 2328 propter

962 2337 1116 2368 foetorem
1133 2348 1152 2369 a
1169 2338 1301 2369 Gra’cis
1326 2337 1421 2377 ferri,
1437 2343 1496 2369 aut
1521 2343 1663 2378 propter

962 2388 1114 2419 dolorem
1154 2388 1314 2429 navigare
1365 2398 1431 2418 non
1471 2394 1596 2428 posset,
1630 2388 1663 2419 in

963 2438 1092 2469 Lemno
1142 2439 1264 2477 insula,
1303 2439 1432 2480 Ulyssis
1473 2439 1662 2478 praesertim

963 2497 1076 2527 suasu,
1090 2493 1143 2519 est
1159 2489 1307 2519 relictus.

1004 2541 1046 2569 46
1061 2539 1204 2580 Leinnos]
1220 2540 1305 2571 Quae
1317 2539 1484 2569 insulacst
1495 2548 1512 2569 e
1526 2538 1662 2578 regione

961 2591 1131 2623 'l'liraciae.

1004 2645 1043 2674 47
1069 2642 1131 2676 Qui
1148 2640 1240 2678 nunc]
1280 2639 1480 2670 Philocteta*
1498 2638 1664 2679 miserias,

962 2697 999 2723 ut
1017 2692 1180 2732 majorem
1191 2689 1303 2728 Ulyssi
1319 2689 1477 2720 conciliet
1489 2688 1661 2731 invidiam,

962 2742 1110 2775 oratorie
1129 2738 1325 2781 amplificat.
